[
  {
    "__type__": "cc.SceneAsset",
    "_name": "Login",
    "_objFlags": 0,
    "_native": "",
    "scene": {
      "__id__": 1
    }
  },
  {
    "__type__": "cc.Scene",
    "_name": "Login",
    "_objFlags": 0,
    "_parent": null,
    "_children": [
      {
        "__id__": 2
      }
    ],
    "_active": true,
    "_components": [],
    "_prefab": {
      "__id__": 110
    },
    "_lpos": {
      "__type__": "cc.Vec3",
      "x": 0,
      "y": 0,
      "z": 0
    },
    "_lrot": {
      "__type__": "cc.Quat",
      "x": 0,
      "y": 0,
      "z": 0,
      "w": 1
    },
    "_lscale": {
      "__type__": "cc.Vec3",
      "x": 1,
      "y": 1,
      "z": 1
    },
    "_mobility": 0,
    "_layer": 1073741824,
    "_euler": {
      "__type__": "cc.Vec3",
      "x": 0,
      "y": 0,
      "z": 0
    },
    "autoReleaseAssets": true,
    "_globals": {
      "__id__": 111
    },
    "_id": "e8ea2a3f-b7e2-4623-bf85-d3f06776ae7c"
  },
  {
    "__type__": "cc.Node",
    "_name": "Canvas",
    "_objFlags": 0,
    "_parent": {
      "__id__": 1
    },
    "_children": [
      {
        "__id__": 3
      },
      {
        "__id__": 5
      },
      {
        "__id__": 9
      },
      {
        "__id__": 13
      },
      {
        "__id__": 30
      },
      {
        "__id__": 51
      }
    ],
    "_active": true,
    "_components": [
      {
        "__id__": 105
      },
      {
        "__id__": 106
      },
      {
        "__id__": 107
      },
      {
        "__id__": 108
      },
      {
        "__id__": 109
      }
    ],
    "_prefab": null,
    "_lpos": {
      "__type__": "cc.Vec3",
      "x": 667,
      "y": 375.00000000000006,
      "z": 0
    },
    "_lrot": {
      "__type__": "cc.Quat",
      "x": 0,
      "y": 0,
      "z": 0,
      "w": 1
    },
    "_lscale": {
      "__type__": "cc.Vec3",
      "x": 1,
      "y": 1,
      "z": 1
    },
    "_mobility": 0,
    "_layer": 33554432,
    "_euler": {
      "__type__": "cc.Vec3",
      "x": 0,
      "y": 0,
      "z": 0
    },
    "_id": "beI88Z2HpFELqR4T5EMHpg"
  },
  {
    "__type__": "cc.Node",
    "_name": "Camera",
    "_objFlags": 0,
    "__editorExtras__": {},
    "_parent": {
      "__id__": 2
    },
    "_children": [],
    "_active": true,
    "_components": [
      {
        "__id__": 4
      }
    ],
    "_prefab": null,
    "_lpos": {
      "__type__": "cc.Vec3",
      "x": 0,
      "y": 0,
      "z": 1000
    },
    "_lrot": {
      "__type__": "cc.Quat",
      "x": 0,
      "y": 0,
      "z": 0,
      "w": 1
    },
    "_lscale": {
      "__type__": "cc.Vec3",
      "x": 1,
      "y": 1,
      "z": 1
    },
    "_mobility": 0,
    "_layer": 33554432,
    "_euler": {
      "__type__": "cc.Vec3",
      "x": 0,
      "y": 0,
      "z": 0
    },
    "_id": "a2MMd4hqBBJqx1DgFwNge7"
  },
  {
    "__type__": "cc.Camera",
    "_name": "Camera<CameraComponent>",
    "_objFlags": 0,
    "node": {
      "__id__": 3
    },
    "_enabled": true,
    "__prefab": null,
    "_projection": 0,
    "_priority": 0,
    "_fov": 45,
    "_fovAxis": 0,
    "_orthoHeight": 375,
    "_near": 0,
    "_far": 1000,
    "_color": {
      "__type__": "cc.Color",
      "r": 0,
      "g": 0,
      "b": 0,
      "a": 255
    },
    "_depth": 1,
    "_stencil": 0,
    "_clearFlags": 7,
    "_rect": {
      "__type__": "cc.Rect",
      "x": 0,
      "y": 0,
      "width": 1,
      "height": 1
    },
    "_aperture": 19,
    "_shutter": 7,
    "_iso": 0,
    "_screenScale": 1,
    "_visibility": 1108344832,
    "_targetTexture": null,
    "_cameraType": -1,
    "_trackingType": 0,
    "_id": "39NDz+d6RHK5D42mEIvIcu"
  },
  {
    "__type__": "cc.Node",
    "_name": "龙游斗地主",
    "_objFlags": 0,
    "_parent": {
      "__id__": 2
    },
    "_children": [],
    "_active": true,
    "_components": [
      {
        "__id__": 6
      },
      {
        "__id__": 7
      },
      {
        "__id__": 8
      }
    ],
    "_prefab": null,
    "_lpos": {
      "__type__": "cc.Vec3",
      "x": 0,
      "y": 58.5,
      "z": 0
    },
    "_lrot": {
      "__type__": "cc.Quat",
      "x": 0,
      "y": 0,
      "z": 0,
      "w": 1
    },
    "_lscale": {
      "__type__": "cc.Vec3",
      "x": 1,
      "y": 1,
      "z": 1
    },
    "_mobility": 0,
    "_layer": 33554432,
    "_euler": {
      "__type__": "cc.Vec3",
      "x": 0,
      "y": 0,
      "z": 0
    },
    "_id": "9esmECm7lNmbxnxRwzMuQ6"
  },
  {
    "__type__": "cc.UITransform",
    "_name": "",
    "_objFlags": 0,
    "node": {
      "__id__": 5
    },
    "_enabled": true,
    "__prefab": null,
    "_contentSize": {
      "__type__": "cc.Size",
      "width": 666,
      "height": 427
    },
    "_anchorPoint": {
      "__type__": "cc.Vec2",
      "x": 0.5,
      "y": 0.5
    },
    "_id": "acJyK/QYJB64NB1w2jifWW"
  },
  {
    "__type__": "cc.Sprite",
    "_name": "",
    "_objFlags": 0,
    "node": {
      "__id__": 5
    },
    "_enabled": true,
    "__prefab": null,
    "_customMaterial": null,
    "_srcBlendFactor": 2,
    "_dstBlendFactor": 4,
    "_color": {
      "__type__": "cc.Color",
      "r": 255,
      "g": 255,
      "b": 255,
      "a": 255
    },
    "_spriteFrame": {
      "__uuid__": "c6bc732f-1b11-4d20-b7a9-1c3528f4cde7@8a646",
      "__expectedType__": "cc.SpriteFrame"
    },
    "_type": 0,
    "_fillType": 0,
    "_sizeMode": 0,
    "_fillCenter": {
      "__type__": "cc.Vec2",
      "x": 0,
      "y": 0
    },
    "_fillStart": 0,
    "_fillRange": 0,
    "_isTrimmedMode": true,
    "_useGrayscale": false,
    "_atlas": {
      "__uuid__": "c6bc732f-1b11-4d20-b7a9-1c3528f4cde7",
      "__expectedType__": "cc.SpriteAtlas"
    },
    "_id": "5cAkCJtLNCE5TpXGF7y0Y/"
  },
  {
    "__type__": "cc.Widget",
    "_name": "",
    "_objFlags": 0,
    "node": {
      "__id__": 5
    },
    "_enabled": true,
    "__prefab": null,
    "_alignFlags": 17,
    "_target": null,
    "_left": 0,
    "_right": 0,
    "_top": 103,
    "_bottom": 0,
    "_horizontalCenter": 0,
    "_verticalCenter": 0,
    "_isAbsLeft": true,
    "_isAbsRight": true,
    "_isAbsTop": true,
    "_isAbsBottom": true,
    "_isAbsHorizontalCenter": true,
    "_isAbsVerticalCenter": true,
    "_originalWidth": 0,
    "_originalHeight": 0,
    "_alignMode": 2,
    "_lockFlags": 16,
    "_id": "88jY6uIRZBWLPCL0TSmM0F"
  },
  {
    "__type__": "cc.Node",
    "_name": "适龄",
    "_objFlags": 0,
    "_parent": {
      "__id__": 2
    },
    "_children": [],
    "_active": true,
    "_components": [
      {
        "__id__": 10
      },
      {
        "__id__": 11
      },
      {
        "__id__": 12
      }
    ],
    "_prefab": null,
    "_lpos": {
      "__type__": "cc.Vec3",
      "x": -560.5,
      "y": 236.5,
      "z": 0
    },
    "_lrot": {
      "__type__": "cc.Quat",
      "x": 0,
      "y": 0,
      "z": 0,
      "w": 1
    },
    "_lscale": {
      "__type__": "cc.Vec3",
      "x": 1,
      "y": 1,
      "z": 1
    },
    "_mobility": 0,
    "_layer": 33554432,
    "_euler": {
      "__type__": "cc.Vec3",
      "x": 0,
      "y": 0,
      "z": 0
    },
    "_id": "5aZZR00fBDQ4CLIuGuyiS1"
  },
  {
    "__type__": "cc.UITransform",
    "_name": "",
    "_objFlags": 0,
    "node": {
      "__id__": 9
    },
    "_enabled": true,
    "__prefab": null,
    "_contentSize": {
      "__type__": "cc.Size",
      "width": 143,
      "height": 207
    },
    "_anchorPoint": {
      "__type__": "cc.Vec2",
      "x": 0.5,
      "y": 0.5
    },
    "_id": "d2O10EWItP0o/NbBXaoLL8"
  },
  {
    "__type__": "cc.Sprite",
    "_name": "",
    "_objFlags": 0,
    "node": {
      "__id__": 9
    },
    "_enabled": true,
    "__prefab": null,
    "_customMaterial": null,
    "_srcBlendFactor": 2,
    "_dstBlendFactor": 4,
    "_color": {
      "__type__": "cc.Color",
      "r": 255,
      "g": 255,
      "b": 255,
      "a": 255
    },
    "_spriteFrame": {
      "__uuid__": "c6bc732f-1b11-4d20-b7a9-1c3528f4cde7@0fdb1",
      "__expectedType__": "cc.SpriteFrame"
    },
    "_type": 0,
    "_fillType": 0,
    "_sizeMode": 0,
    "_fillCenter": {
      "__type__": "cc.Vec2",
      "x": 0,
      "y": 0
    },
    "_fillStart": 0,
    "_fillRange": 0,
    "_isTrimmedMode": true,
    "_useGrayscale": false,
    "_atlas": {
      "__uuid__": "c6bc732f-1b11-4d20-b7a9-1c3528f4cde7",
      "__expectedType__": "cc.SpriteAtlas"
    },
    "_id": "27DzoiukJFUayUUDJnQGFE"
  },
  {
    "__type__": "cc.Widget",
    "_name": "",
    "_objFlags": 0,
    "node": {
      "__id__": 9
    },
    "_enabled": true,
    "__prefab": null,
    "_alignFlags": 9,
    "_target": null,
    "_left": 35,
    "_right": 0,
    "_top": 35,
    "_bottom": 0,
    "_horizontalCenter": 0,
    "_verticalCenter": 0,
    "_isAbsLeft": true,
    "_isAbsRight": true,
    "_isAbsTop": true,
    "_isAbsBottom": true,
    "_isAbsHorizontalCenter": true,
    "_isAbsVerticalCenter": true,
    "_originalWidth": 0,
    "_originalHeight": 0,
    "_alignMode": 2,
    "_lockFlags": 9,
    "_id": "7aPi/Gl6JK0I25nXWWeDk1"
  },
  {
    "__type__": "cc.Node",
    "_name": "抵制",
    "_objFlags": 0,
    "_parent": {
      "__id__": 2
    },
    "_children": [
      {
        "__id__": 14
      },
      {
        "__id__": 18
      },
      {
        "__id__": 21
      },
      {
        "__id__": 24
      }
    ],
    "_active": true,
    "_components": [
      {
        "__id__": 27
      },
      {
        "__id__": 28
      },
      {
        "__id__": 29
      }
    ],
    "_prefab": null,
    "_lpos": {
      "__type__": "cc.Vec3",
      "x": 0,
      "y": -327.146,
      "z": 0
    },
    "_lrot": {
      "__type__": "cc.Quat",
      "x": 0,
      "y": 0,
      "z": 0,
      "w": 1
    },
    "_lscale": {
      "__type__": "cc.Vec3",
      "x": 1,
      "y": 1,
      "z": 1
    },
    "_mobility": 0,
    "_layer": 33554432,
    "_euler": {
      "__type__": "cc.Vec3",
      "x": 0,
      "y": 0,
      "z": 0
    },
    "_id": "a43v4xQ+dO8b5VOOFoz1a7"
  },
  {
    "__type__": "cc.Node",
    "_name": "BG",
    "_objFlags": 0,
    "_parent": {
      "__id__": 13
    },
    "_children": [],
    "_active": true,
    "_components": [
      {
        "__id__": 15
      },
      {
        "__id__": 16
      },
      {
        "__id__": 17
      }
    ],
    "_prefab": null,
    "_lpos": {
      "__type__": "cc.Vec3",
      "x": 0,
      "y": 0,
      "z": 0
    },
    "_lrot": {
      "__type__": "cc.Quat",
      "x": 0,
      "y": 0,
      "z": 0,
      "w": 1
    },
    "_lscale": {
      "__type__": "cc.Vec3",
      "x": 1,
      "y": 1,
      "z": 1
    },
    "_mobility": 0,
    "_layer": 33554432,
    "_euler": {
      "__type__": "cc.Vec3",
      "x": 0,
      "y": 0,
      "z": 0
    },
    "_id": "02diMgW6pJDY6SoPPNomEP"
  },
  {
    "__type__": "cc.UITransform",
    "_name": "",
    "_objFlags": 0,
    "node": {
      "__id__": 14
    },
    "_enabled": true,
    "__prefab": null,
    "_contentSize": {
      "__type__": "cc.Size",
      "width": 1334,
      "height": 95.70799999999997
    },
    "_anchorPoint": {
      "__type__": "cc.Vec2",
      "x": 0.5,
      "y": 0.5
    },
    "_id": "ab/tlU/wlEnr+7mz568XBl"
  },
  {
    "__type__": "cc.Widget",
    "_name": "",
    "_objFlags": 0,
    "node": {
      "__id__": 14
    },
    "_enabled": true,
    "__prefab": null,
    "_alignFlags": 45,
    "_target": null,
    "_left": 0,
    "_right": 0,
    "_top": 0,
    "_bottom": 0,
    "_horizontalCenter": 0,
    "_verticalCenter": 0,
    "_isAbsLeft": true,
    "_isAbsRight": true,
    "_isAbsTop": true,
    "_isAbsBottom": true,
    "_isAbsHorizontalCenter": true,
    "_isAbsVerticalCenter": true,
    "_originalWidth": 100,
    "_originalHeight": 100,
    "_alignMode": 2,
    "_lockFlags": 45,
    "_id": "28svF3uF9K0rNsf2uajMyc"
  },
  {
    "__type__": "cc.Sprite",
    "_name": "",
    "_objFlags": 0,
    "node": {
      "__id__": 14
    },
    "_enabled": true,
    "__prefab": null,
    "_customMaterial": null,
    "_srcBlendFactor": 2,
    "_dstBlendFactor": 4,
    "_color": {
      "__type__": "cc.Color",
      "r": 20,
      "g": 20,
      "b": 20,
      "a": 120
    },
    "_spriteFrame": {
      "__uuid__": "7d8f9b89-4fd1-4c9f-a3ab-38ec7cded7ca@f9941",
      "__expectedType__": "cc.SpriteFrame"
    },
    "_type": 0,
    "_fillType": 0,
    "_sizeMode": 0,
    "_fillCenter": {
      "__type__": "cc.Vec2",
      "x": 0,
      "y": 0
    },
    "_fillStart": 0,
    "_fillRange": 0,
    "_isTrimmedMode": true,
    "_useGrayscale": false,
    "_atlas": null,
    "_id": "19OWYWTQVDz6PPLRS0Sn7c"
  },
  {
    "__type__": "cc.Node",
    "_name": "抵制不良",
    "_objFlags": 0,
    "_parent": {
      "__id__": 13
    },
    "_children": [],
    "_active": true,
    "_components": [
      {
        "__id__": 19
      },
      {
        "__id__": 20
      }
    ],
    "_prefab": null,
    "_lpos": {
      "__type__": "cc.Vec3",
      "x": 0,
      "y": 23.935,
      "z": 0
    },
    "_lrot": {
      "__type__": "cc.Quat",
      "x": 0,
      "y": 0,
      "z": 0,
      "w": 1
    },
    "_lscale": {
      "__type__": "cc.Vec3",
      "x": 1,
      "y": 1,
      "z": 1
    },
    "_mobility": 0,
    "_layer": 33554432,
    "_euler": {
      "__type__": "cc.Vec3",
      "x": 0,
      "y": 0,
      "z": 0
    },
    "_id": "71jYPmcWlEGJO8snSVNcWV"
  },
  {
    "__type__": "cc.UITransform",
    "_name": "",
    "_objFlags": 0,
    "node": {
      "__id__": 18
    },
    "_enabled": true,
    "__prefab": null,
    "_contentSize": {
      "__type__": "cc.Size",
      "width": 1100,
      "height": 25.2
    },
    "_anchorPoint": {
      "__type__": "cc.Vec2",
      "x": 0.5,
      "y": 0.5
    },
    "_id": "6aFJUz8mZDqaCqIbIPXgoB"
  },
  {
    "__type__": "cc.Label",
    "_name": "",
    "_objFlags": 0,
    "node": {
      "__id__": 18
    },
    "_enabled": true,
    "__prefab": null,
    "_customMaterial": null,
    "_srcBlendFactor": 2,
    "_dstBlendFactor": 4,
    "_color": {
      "__type__": "cc.Color",
      "r": 255,
      "g": 255,
      "b": 255,
      "a": 255
    },
    "_string": "抵制不良游戏，拒绝盗版游戏。注意自我保护，谨防受骗上当。适度游戏益脑，沉迷游戏伤身。合理安排时间，享受健康生活",
    "_horizontalAlign": 0,
    "_verticalAlign": 1,
    "_actualFontSize": 20,
    "_fontSize": 20,
    "_fontFamily": "Arial",
    "_lineHeight": 0,
    "_overflow": 0,
    "_enableWrapText": true,
    "_font": null,
    "_isSystemFontUsed": true,
    "_spacingX": 0,
    "_isItalic": false,
    "_isBold": false,
    "_isUnderline": false,
    "_underlineHeight": 2,
    "_cacheMode": 0,
    "_id": "6bQF8hiHZGWY67gRzUwuRt"
  },
  {
    "__type__": "cc.Node",
    "_name": "著作",
    "_objFlags": 0,
    "_parent": {
      "__id__": 13
    },
    "_children": [],
    "_active": true,
    "_components": [
      {
        "__id__": 22
      },
      {
        "__id__": 23
      }
    ],
    "_prefab": null,
    "_lpos": {
      "__type__": "cc.Vec3",
      "x": 0,
      "y": -3.745,
      "z": 0
    },
    "_lrot": {
      "__type__": "cc.Quat",
      "x": 0,
      "y": 0,
      "z": 0,
      "w": 1
    },
    "_lscale": {
      "__type__": "cc.Vec3",
      "x": 1,
      "y": 1,
      "z": 1
    },
    "_mobility": 0,
    "_layer": 33554432,
    "_euler": {
      "__type__": "cc.Vec3",
      "x": 0,
      "y": 0,
      "z": 0
    },
    "_id": "0fKKVVj5xBuJALehGOwErA"
  },
  {
    "__type__": "cc.UITransform",
    "_name": "",
    "_objFlags": 0,
    "node": {
      "__id__": 21
    },
    "_enabled": true,
    "__prefab": null,
    "_contentSize": {
      "__type__": "cc.Size",
      "width": 544.9,
      "height": 20.16
    },
    "_anchorPoint": {
      "__type__": "cc.Vec2",
      "x": 0.5,
      "y": 0.5
    },
    "_id": "807nAxTpVKeIKoYOuIuCDe"
  },
  {
    "__type__": "cc.Label",
    "_name": "",
    "_objFlags": 0,
    "node": {
      "__id__": 21
    },
    "_enabled": true,
    "__prefab": null,
    "_customMaterial": null,
    "_srcBlendFactor": 2,
    "_dstBlendFactor": 4,
    "_color": {
      "__type__": "cc.Color",
      "r": 255,
      "g": 255,
      "b": 255,
      "a": 255
    },
    "_string": "著作权人：北京蓝达信通科技有限公司           出版单位：北京科海电子出版社",
    "_horizontalAlign": 1,
    "_verticalAlign": 1,
    "_actualFontSize": 16,
    "_fontSize": 16,
    "_fontFamily": "Arial",
    "_lineHeight": 0,
    "_overflow": 0,
    "_enableWrapText": true,
    "_font": null,
    "_isSystemFontUsed": true,
    "_spacingX": 0,
    "_isItalic": false,
    "_isBold": false,
    "_isUnderline": false,
    "_underlineHeight": 2,
    "_cacheMode": 0,
    "_id": "efpXvF3VBB3KE2Ho0bI+I/"
  },
  {
    "__type__": "cc.Node",
    "_name": "新广出审改",
    "_objFlags": 0,
    "_parent": {
      "__id__": 13
    },
    "_children": [],
    "_active": true,
    "_components": [
      {
        "__id__": 25
      },
      {
        "__id__": 26
      }
    ],
    "_prefab": null,
    "_lpos": {
      "__type__": "cc.Vec3",
      "x": 0,
      "y": -28.905,
      "z": 0
    },
    "_lrot": {
      "__type__": "cc.Quat",
      "x": 0,
      "y": 0,
      "z": 0,
      "w": 1
    },
    "_lscale": {
      "__type__": "cc.Vec3",
      "x": 1,
      "y": 1,
      "z": 1
    },
    "_mobility": 0,
    "_layer": 33554432,
    "_euler": {
      "__type__": "cc.Vec3",
      "x": 0,
      "y": 0,
      "z": 0
    },
    "_id": "c3fyhVBpBL8bM/Fzo/tALH"
  },
  {
    "__type__": "cc.UITransform",
    "_name": "",
    "_objFlags": 0,
    "node": {
      "__id__": 24
    },
    "_enabled": true,
    "__prefab": null,
    "_contentSize": {
      "__type__": "cc.Size",
      "width": 352.2,
      "height": 20.16
    },
    "_anchorPoint": {
      "__type__": "cc.Vec2",
      "x": 0.5,
      "y": 0.5
    },
    "_id": "86unbU4PBDsb4c+CWNmqMs"
  },
  {
    "__type__": "cc.Label",
    "_name": "",
    "_objFlags": 0,
    "node": {
      "__id__": 24
    },
    "_enabled": true,
    "__prefab": null,
    "_customMaterial": null,
    "_srcBlendFactor": 2,
    "_dstBlendFactor": 4,
    "_color": {
      "__type__": "cc.Color",
      "r": 255,
      "g": 255,
      "b": 255,
      "a": 255
    },
    "_string": "新广出审[2017]2839号    ISBN978-7-7979-6244-5",
    "_horizontalAlign": 1,
    "_verticalAlign": 1,
    "_actualFontSize": 16,
    "_fontSize": 16,
    "_fontFamily": "Arial",
    "_lineHeight": 0,
    "_overflow": 0,
    "_enableWrapText": true,
    "_font": null,
    "_isSystemFontUsed": true,
    "_spacingX": 0,
    "_isItalic": false,
    "_isBold": false,
    "_isUnderline": false,
    "_underlineHeight": 2,
    "_cacheMode": 0,
    "_id": "06DoqLUTZOhbK7GzVlPEqe"
  },
  {
    "__type__": "cc.UITransform",
    "_name": "",
    "_objFlags": 0,
    "node": {
      "__id__": 13
    },
    "_enabled": true,
    "__prefab": null,
    "_contentSize": {
      "__type__": "cc.Size",
      "width": 1334,
      "height": 95.70799999999997
    },
    "_anchorPoint": {
      "__type__": "cc.Vec2",
      "x": 0.5,
      "y": 0.5
    },
    "_id": "6fvffgdaNOIbSOLVMY4Bk6"
  },
  {
    "__type__": "cc.Widget",
    "_name": "",
    "_objFlags": 0,
    "node": {
      "__id__": 13
    },
    "_enabled": true,
    "__prefab": null,
    "_alignFlags": 45,
    "_target": null,
    "_left": 0,
    "_right": 0,
    "_top": 654.292,
    "_bottom": 0,
    "_horizontalCenter": 0,
    "_verticalCenter": 0,
    "_isAbsLeft": true,
    "_isAbsRight": true,
    "_isAbsTop": true,
    "_isAbsBottom": true,
    "_isAbsHorizontalCenter": true,
    "_isAbsVerticalCenter": true,
    "_originalWidth": 1334,
    "_originalHeight": 95.70799999999998,
    "_alignMode": 2,
    "_lockFlags": 45,
    "_id": "7as8Q5En5I444B09zXcgdJ"
  },
  {
    "__type__": "cc.Layout",
    "_name": "",
    "_objFlags": 0,
    "node": {
      "__id__": 13
    },
    "_enabled": false,
    "__prefab": null,
    "_resizeMode": 0,
    "_layoutType": 2,
    "_cellSize": {
      "__type__": "cc.Size",
      "width": 40,
      "height": 40
    },
    "_startAxis": 0,
    "_paddingLeft": 0,
    "_paddingRight": 0,
    "_paddingTop": 15,
    "_paddingBottom": 0,
    "_spacingX": 0,
    "_spacingY": 5,
    "_verticalDirection": 1,
    "_horizontalDirection": 0,
    "_constraint": 0,
    "_constraintNum": 2,
    "_affectedByScale": false,
    "_isAlign": false,
    "_id": "a2m9tJIJ5HIog4JjynS6pS"
  },
  {
    "__type__": "cc.Node",
    "_name": "进度条",
    "_objFlags": 0,
    "_parent": {
      "__id__": 2
    },
    "_children": [
      {
        "__id__": 31
      },
      {
        "__id__": 39
      },
      {
        "__id__": 43
      }
    ],
    "_active": false,
    "_components": [
      {
        "__id__": 47
      },
      {
        "__id__": 48
      },
      {
        "__id__": 49
      },
      {
        "__id__": 50
      }
    ],
    "_prefab": null,
    "_lpos": {
      "__type__": "cc.Vec3",
      "x": 0,
      "y": -214.15799999999996,
      "z": 0
    },
    "_lrot": {
      "__type__": "cc.Quat",
      "x": 0,
      "y": 0,
      "z": 0,
      "w": 1
    },
    "_lscale": {
      "__type__": "cc.Vec3",
      "x": 1,
      "y": 1,
      "z": 1
    },
    "_mobility": 0,
    "_layer": 33554432,
    "_euler": {
      "__type__": "cc.Vec3",
      "x": 0,
      "y": 0,
      "z": 0
    },
    "_id": "2c+EHovwVG8KRgHLEbciyg"
  },
  {
    "__type__": "cc.Node",
    "_name": "Bar",
    "_objFlags": 0,
    "_parent": {
      "__id__": 30
    },
    "_children": [
      {
        "__id__": 32
      }
    ],
    "_active": true,
    "_components": [
      {
        "__id__": 36
      },
      {
        "__id__": 37
      },
      {
        "__id__": 38
      }
    ],
    "_prefab": null,
    "_lpos": {
      "__type__": "cc.Vec3",
      "x": -483,
      "y": -0.7000000000000011,
      "z": 0
    },
    "_lrot": {
      "__type__": "cc.Quat",
      "x": 0,
      "y": 0,
      "z": 0,
      "w": 1
    },
    "_lscale": {
      "__type__": "cc.Vec3",
      "x": 1,
      "y": 1,
      "z": 1
    },
    "_mobility": 0,
    "_layer": 33554432,
    "_euler": {
      "__type__": "cc.Vec3",
      "x": 0,
      "y": 0,
      "z": 0
    },
    "_id": "73x5B6CjdDRqsxBuqmo91j"
  },
  {
    "__type__": "cc.Node",
    "_name": "sg",
    "_objFlags": 0,
    "_parent": {
      "__id__": 31
    },
    "_children": [],
    "_active": true,
    "_components": [
      {
        "__id__": 33
      },
      {
        "__id__": 34
      },
      {
        "__id__": 35
      }
    ],
    "_prefab": null,
    "_lpos": {
      "__type__": "cc.Vec3",
      "x": -10,
      "y": 0,
      "z": 0
    },
    "_lrot": {
      "__type__": "cc.Quat",
      "x": 0,
      "y": 0,
      "z": 0,
      "w": 1
    },
    "_lscale": {
      "__type__": "cc.Vec3",
      "x": 1,
      "y": 1,
      "z": 1
    },
    "_mobility": 0,
    "_layer": 33554432,
    "_euler": {
      "__type__": "cc.Vec3",
      "x": 0,
      "y": 0,
      "z": 0
    },
    "_id": "9bILpWJG9K+K9UXEnoux/5"
  },
  {
    "__type__": "cc.UITransform",
    "_name": "",
    "_objFlags": 0,
    "node": {
      "__id__": 32
    },
    "_enabled": true,
    "__prefab": null,
    "_contentSize": {
      "__type__": "cc.Size",
      "width": 150,
      "height": 150
    },
    "_anchorPoint": {
      "__type__": "cc.Vec2",
      "x": 0.5,
      "y": 0.5
    },
    "_id": "edOCwZJl5M04x1cqiPp2Iu"
  },
  {
    "__type__": "cc.Sprite",
    "_name": "",
    "_objFlags": 0,
    "node": {
      "__id__": 32
    },
    "_enabled": true,
    "__prefab": null,
    "_customMaterial": null,
    "_srcBlendFactor": 2,
    "_dstBlendFactor": 4,
    "_color": {
      "__type__": "cc.Color",
      "r": 255,
      "g": 255,
      "b": 255,
      "a": 255
    },
    "_spriteFrame": {
      "__uuid__": "c6bc732f-1b11-4d20-b7a9-1c3528f4cde7@5914d",
      "__expectedType__": "cc.SpriteFrame"
    },
    "_type": 0,
    "_fillType": 0,
    "_sizeMode": 0,
    "_fillCenter": {
      "__type__": "cc.Vec2",
      "x": 0,
      "y": 0
    },
    "_fillStart": 0,
    "_fillRange": 0,
    "_isTrimmedMode": true,
    "_useGrayscale": false,
    "_atlas": null,
    "_id": "326VneXo9CK72BO+wbn3nk"
  },
  {
    "__type__": "cc.Widget",
    "_name": "",
    "_objFlags": 0,
    "node": {
      "__id__": 32
    },
    "_enabled": true,
    "__prefab": null,
    "_alignFlags": 34,
    "_target": {
      "__id__": 31
    },
    "_left": 0,
    "_right": -65,
    "_top": 0,
    "_bottom": 0,
    "_horizontalCenter": 0,
    "_verticalCenter": 0,
    "_isAbsLeft": true,
    "_isAbsRight": true,
    "_isAbsTop": true,
    "_isAbsBottom": true,
    "_isAbsHorizontalCenter": true,
    "_isAbsVerticalCenter": true,
    "_originalWidth": 0,
    "_originalHeight": 0,
    "_alignMode": 1,
    "_lockFlags": 34,
    "_id": "28cUKEq/VCnLgSaUtPn6Dy"
  },
  {
    "__type__": "cc.UITransform",
    "_name": "",
    "_objFlags": 0,
    "node": {
      "__id__": 31
    },
    "_enabled": true,
    "__prefab": null,
    "_contentSize": {
      "__type__": "cc.Size",
      "width": 0,
      "height": 27.699999999999996
    },
    "_anchorPoint": {
      "__type__": "cc.Vec2",
      "x": 0,
      "y": 0.5
    },
    "_id": "9ebHaHBx1D7oXmEEezcx68"
  },
  {
    "__type__": "cc.Sprite",
    "_name": "",
    "_objFlags": 0,
    "node": {
      "__id__": 31
    },
    "_enabled": true,
    "__prefab": null,
    "_customMaterial": null,
    "_srcBlendFactor": 2,
    "_dstBlendFactor": 4,
    "_color": {
      "__type__": "cc.Color",
      "r": 255,
      "g": 255,
      "b": 255,
      "a": 255
    },
    "_spriteFrame": {
      "__uuid__": "c6bc732f-1b11-4d20-b7a9-1c3528f4cde7@dfc2a",
      "__expectedType__": "cc.SpriteFrame"
    },
    "_type": 0,
    "_fillType": 2,
    "_sizeMode": 0,
    "_fillCenter": {
      "__type__": "cc.Vec2",
      "x": 11.4,
      "y": 13.5
    },
    "_fillStart": 0,
    "_fillRange": -1,
    "_isTrimmedMode": true,
    "_useGrayscale": false,
    "_atlas": {
      "__uuid__": "c6bc732f-1b11-4d20-b7a9-1c3528f4cde7",
      "__expectedType__": "cc.SpriteAtlas"
    },
    "_id": "bdPFFdeb1GmYBbHizmJxKx"
  },
  {
    "__type__": "cc.Widget",
    "_name": "",
    "_objFlags": 0,
    "node": {
      "__id__": 31
    },
    "_enabled": true,
    "__prefab": null,
    "_alignFlags": 45,
    "_target": {
      "__id__": 30
    },
    "_left": 6,
    "_right": 972,
    "_top": 3,
    "_bottom": 1.6,
    "_horizontalCenter": 0,
    "_verticalCenter": 0,
    "_isAbsLeft": true,
    "_isAbsRight": true,
    "_isAbsTop": true,
    "_isAbsBottom": true,
    "_isAbsHorizontalCenter": true,
    "_isAbsVerticalCenter": true,
    "_originalWidth": 296,
    "_originalHeight": 13.88,
    "_alignMode": 2,
    "_lockFlags": 13,
    "_id": "6bYgWDJ3ZGPYvp1fj0f2Xg"
  },
  {
    "__type__": "cc.Node",
    "_name": "Message",
    "_objFlags": 0,
    "_parent": {
      "__id__": 30
    },
    "_children": [],
    "_active": true,
    "_components": [
      {
        "__id__": 40
      },
      {
        "__id__": 41
      },
      {
        "__id__": 42
      }
    ],
    "_prefab": null,
    "_lpos": {
      "__type__": "cc.Vec3",
      "x": 0,
      "y": 42.318,
      "z": 0
    },
    "_lrot": {
      "__type__": "cc.Quat",
      "x": 0,
      "y": 0,
      "z": 0,
      "w": 1
    },
    "_lscale": {
      "__type__": "cc.Vec3",
      "x": 1,
      "y": 1,
      "z": 1
    },
    "_mobility": 0,
    "_layer": 33554432,
    "_euler": {
      "__type__": "cc.Vec3",
      "x": 0,
      "y": 0,
      "z": 0
    },
    "_id": "31E2UOhGNGoZK9+ZboZLhb"
  },
  {
    "__type__": "cc.UITransform",
    "_name": "",
    "_objFlags": 0,
    "node": {
      "__id__": 39
    },
    "_enabled": true,
    "__prefab": null,
    "_contentSize": {
      "__type__": "cc.Size",
      "width": 184,
      "height": 41.8
    },
    "_anchorPoint": {
      "__type__": "cc.Vec2",
      "x": 0.5,
      "y": 0.5
    },
    "_id": "851FzM+RRGY7OI+Q6SzYT9"
  },
  {
    "__type__": "cc.Label",
    "_name": "",
    "_objFlags": 0,
    "node": {
      "__id__": 39
    },
    "_enabled": true,
    "__prefab": null,
    "_customMaterial": null,
    "_srcBlendFactor": 2,
    "_dstBlendFactor": 4,
    "_color": {
      "__type__": "cc.Color",
      "r": 255,
      "g": 255,
      "b": 255,
      "a": 255
    },
    "_string": "正在进入首页",
    "_horizontalAlign": 1,
    "_verticalAlign": 1,
    "_actualFontSize": 30,
    "_fontSize": 30,
    "_fontFamily": "Arial",
    "_lineHeight": 30,
    "_overflow": 0,
    "_enableWrapText": true,
    "_font": null,
    "_isSystemFontUsed": true,
    "_spacingX": 0,
    "_isItalic": false,
    "_isBold": false,
    "_isUnderline": false,
    "_underlineHeight": 2,
    "_cacheMode": 0,
    "_id": "80BJugxv9HIqOd0VXByr3S"
  },
  {
    "__type__": "cc.LabelOutline",
    "_name": "",
    "_objFlags": 0,
    "node": {
      "__id__": 39
    },
    "_enabled": true,
    "__prefab": null,
    "_color": {
      "__type__": "cc.Color",
      "r": 197,
      "g": 93,
      "b": 17,
      "a": 255
    },
    "_width": 2,
    "_id": "d4x4sATaZKCrDlt34KMAd9"
  },
  {
    "__type__": "cc.Node",
    "_name": "loding",
    "_objFlags": 0,
    "_parent": {
      "__id__": 30
    },
    "_children": [],
    "_active": true,
    "_components": [
      {
        "__id__": 44
      },
      {
        "__id__": 45
      },
      {
        "__id__": 46
      }
    ],
    "_prefab": null,
    "_lpos": {
      "__type__": "cc.Vec3",
      "x": 0,
      "y": 0,
      "z": 0
    },
    "_lrot": {
      "__type__": "cc.Quat",
      "x": 0,
      "y": 0,
      "z": 0,
      "w": 1
    },
    "_lscale": {
      "__type__": "cc.Vec3",
      "x": 1,
      "y": 1,
      "z": 1
    },
    "_mobility": 0,
    "_layer": 33554432,
    "_euler": {
      "__type__": "cc.Vec3",
      "x": 0,
      "y": 0,
      "z": 0
    },
    "_id": "74/NwqRLtCS5ys7hjFp1Tn"
  },
  {
    "__type__": "cc.UITransform",
    "_name": "",
    "_objFlags": 0,
    "node": {
      "__id__": 43
    },
    "_enabled": true,
    "__prefab": null,
    "_contentSize": {
      "__type__": "cc.Size",
      "width": 63.38,
      "height": 22.16
    },
    "_anchorPoint": {
      "__type__": "cc.Vec2",
      "x": 0.5,
      "y": 0.5
    },
    "_id": "83e2PAvwZGWbGVhaXbJAgs"
  },
  {
    "__type__": "cc.Label",
    "_name": "",
    "_objFlags": 0,
    "node": {
      "__id__": 43
    },
    "_enabled": true,
    "__prefab": null,
    "_customMaterial": null,
    "_srcBlendFactor": 2,
    "_dstBlendFactor": 4,
    "_color": {
      "__type__": "cc.Color",
      "r": 255,
      "g": 255,
      "b": 255,
      "a": 255
    },
    "_string": "Loding...",
    "_horizontalAlign": 1,
    "_verticalAlign": 1,
    "_actualFontSize": 16,
    "_fontSize": 16,
    "_fontFamily": "Arial",
    "_lineHeight": 0,
    "_overflow": 0,
    "_enableWrapText": true,
    "_font": null,
    "_isSystemFontUsed": true,
    "_spacingX": 0,
    "_isItalic": false,
    "_isBold": false,
    "_isUnderline": false,
    "_underlineHeight": 2,
    "_cacheMode": 0,
    "_id": "4aevnmVvVDGKlreSgNG0ew"
  },
  {
    "__type__": "cc.LabelOutline",
    "_name": "",
    "_objFlags": 0,
    "node": {
      "__id__": 43
    },
    "_enabled": true,
    "__prefab": null,
    "_color": {
      "__type__": "cc.Color",
      "r": 197,
      "g": 93,
      "b": 17,
      "a": 255
    },
    "_width": 1,
    "_id": "c7Wxlgx+5E2IdkpviML+ML"
  },
  {
    "__type__": "cc.UITransform",
    "_name": "",
    "_objFlags": 0,
    "node": {
      "__id__": 30
    },
    "_enabled": true,
    "__prefab": null,
    "_contentSize": {
      "__type__": "cc.Size",
      "width": 978,
      "height": 32.3
    },
    "_anchorPoint": {
      "__type__": "cc.Vec2",
      "x": 0.5,
      "y": 0.5
    },
    "_id": "46EY1siepH1LSyB5n+hH5B"
  },
  {
    "__type__": "cc.Sprite",
    "_name": "",
    "_objFlags": 0,
    "node": {
      "__id__": 30
    },
    "_enabled": true,
    "__prefab": null,
    "_customMaterial": null,
    "_srcBlendFactor": 2,
    "_dstBlendFactor": 4,
    "_color": {
      "__type__": "cc.Color",
      "r": 255,
      "g": 255,
      "b": 255,
      "a": 255
    },
    "_spriteFrame": {
      "__uuid__": "c6bc732f-1b11-4d20-b7a9-1c3528f4cde7@4a989",
      "__expectedType__": "cc.SpriteFrame"
    },
    "_type": 1,
    "_fillType": 0,
    "_sizeMode": 0,
    "_fillCenter": {
      "__type__": "cc.Vec2",
      "x": 0,
      "y": 0
    },
    "_fillStart": 0,
    "_fillRange": 0,
    "_isTrimmedMode": true,
    "_useGrayscale": false,
    "_atlas": {
      "__uuid__": "c6bc732f-1b11-4d20-b7a9-1c3528f4cde7",
      "__expectedType__": "cc.SpriteAtlas"
    },
    "_id": "a3SeULdPFI6IqxY0lw+Pbi"
  },
  {
    "__type__": "cc.Widget",
    "_name": "",
    "_objFlags": 0,
    "node": {
      "__id__": 30
    },
    "_enabled": true,
    "__prefab": null,
    "_alignFlags": 20,
    "_target": null,
    "_left": 0,
    "_right": 0,
    "_top": 0,
    "_bottom": 144.69200000000004,
    "_horizontalCenter": 0,
    "_verticalCenter": 0,
    "_isAbsLeft": true,
    "_isAbsRight": true,
    "_isAbsTop": true,
    "_isAbsBottom": true,
    "_isAbsHorizontalCenter": true,
    "_isAbsVerticalCenter": true,
    "_originalWidth": 0,
    "_originalHeight": 0,
    "_alignMode": 2,
    "_lockFlags": 16,
    "_id": "21sauUESJHl5laJiOgwJlo"
  },
  {
    "__type__": "cc.ProgressBar",
    "_name": "",
    "_objFlags": 0,
    "node": {
      "__id__": 30
    },
    "_enabled": true,
    "__prefab": null,
    "_barSprite": {
      "__id__": 37
    },
    "_mode": 0,
    "_totalLength": 970,
    "_progress": 0,
    "_reverse": false,
    "_id": "1cCwx+w89HuZnPLmfSmo/U"
  },
  {
    "__type__": "cc.Node",
    "_name": "隐私保护",
    "_objFlags": 0,
    "_parent": {
      "__id__": 2
    },
    "_children": [
      {
        "__id__": 52
      },
      {
        "__id__": 65
      }
    ],
    "_active": true,
    "_components": [
      {
        "__id__": 102
      },
      {
        "__id__": 103
      },
      {
        "__id__": 104
      }
    ],
    "_prefab": null,
    "_lpos": {
      "__type__": "cc.Vec3",
      "x": 0,
      "y": 0,
      "z": 0
    },
    "_lrot": {
      "__type__": "cc.Quat",
      "x": 0,
      "y": 0,
      "z": 0,
      "w": 1
    },
    "_lscale": {
      "__type__": "cc.Vec3",
      "x": 1,
      "y": 1,
      "z": 1
    },
    "_mobility": 0,
    "_layer": 33554432,
    "_euler": {
      "__type__": "cc.Vec3",
      "x": 0,
      "y": 0,
      "z": 0
    },
    "_id": "18RIVmFBdHH68m5GGk0+WF"
  },
  {
    "__type__": "cc.Node",
    "_name": "Btns",
    "_objFlags": 0,
    "_parent": {
      "__id__": 51
    },
    "_children": [
      {
        "__id__": 53
      },
      {
        "__id__": 58
      }
    ],
    "_active": true,
    "_components": [
      {
        "__id__": 63
      },
      {
        "__id__": 64
      }
    ],
    "_prefab": null,
    "_lpos": {
      "__type__": "cc.Vec3",
      "x": -272,
      "y": -196.5,
      "z": 0
    },
    "_lrot": {
      "__type__": "cc.Quat",
      "x": 0,
      "y": 0,
      "z": 0,
      "w": 1
    },
    "_lscale": {
      "__type__": "cc.Vec3",
      "x": 1,
      "y": 1,
      "z": 1
    },
    "_mobility": 0,
    "_layer": 33554432,
    "_euler": {
      "__type__": "cc.Vec3",
      "x": 0,
      "y": 0,
      "z": 0
    },
    "_id": "9eca9numFPSYP2P2L90HcW"
  },
  {
    "__type__": "cc.Node",
    "_name": "拒绝",
    "_objFlags": 0,
    "_parent": {
      "__id__": 52
    },
    "_children": [],
    "_active": true,
    "_components": [
      {
        "__id__": 54
      },
      {
        "__id__": 55
      },
      {
        "__id__": 56
      },
      {
        "__id__": 57
      }
    ],
    "_prefab": null,
    "_lpos": {
      "__type__": "cc.Vec3",
      "x": 100,
      "y": 0,
      "z": 0
    },
    "_lrot": {
      "__type__": "cc.Quat",
      "x": 0,
      "y": 0,
      "z": 0,
      "w": 1
    },
    "_lscale": {
      "__type__": "cc.Vec3",
      "x": 1,
      "y": 1,
      "z": 1
    },
    "_mobility": 0,
    "_layer": 33554432,
    "_euler": {
      "__type__": "cc.Vec3",
      "x": 0,
      "y": 0,
      "z": 0
    },
    "_id": "21waIBkoNMz54KzB0a1t2E"
  },
  {
    "__type__": "cc.UITransform",
    "_name": "",
    "_objFlags": 0,
    "node": {
      "__id__": 53
    },
    "_enabled": true,
    "__prefab": null,
    "_contentSize": {
      "__type__": "cc.Size",
      "width": 200,
      "height": 79
    },
    "_anchorPoint": {
      "__type__": "cc.Vec2",
      "x": 0.5,
      "y": 0.5
    },
    "_id": "5aLNBBhk1MC7AjWufSP0uw"
  },
  {
    "__type__": "cc.Sprite",
    "_name": "",
    "_objFlags": 0,
    "node": {
      "__id__": 53
    },
    "_enabled": true,
    "__prefab": null,
    "_customMaterial": null,
    "_srcBlendFactor": 2,
    "_dstBlendFactor": 4,
    "_color": {
      "__type__": "cc.Color",
      "r": 255,
      "g": 255,
      "b": 255,
      "a": 255
    },
    "_spriteFrame": {
      "__uuid__": "c6bc732f-1b11-4d20-b7a9-1c3528f4cde7@70f55",
      "__expectedType__": "cc.SpriteFrame"
    },
    "_type": 0,
    "_fillType": 0,
    "_sizeMode": 0,
    "_fillCenter": {
      "__type__": "cc.Vec2",
      "x": 0,
      "y": 0
    },
    "_fillStart": 0,
    "_fillRange": 0,
    "_isTrimmedMode": true,
    "_useGrayscale": false,
    "_atlas": {
      "__uuid__": "c6bc732f-1b11-4d20-b7a9-1c3528f4cde7",
      "__expectedType__": "cc.SpriteAtlas"
    },
    "_id": "abc34OOV1BJqJyV+un2BWh"
  },
  {
    "__type__": "cc.Widget",
    "_name": "",
    "_objFlags": 0,
    "node": {
      "__id__": 53
    },
    "_enabled": true,
    "__prefab": null,
    "_alignFlags": 10,
    "_target": {
      "__id__": 52
    },
    "_left": 0,
    "_right": 0,
    "_top": 0,
    "_bottom": 0,
    "_horizontalCenter": 0,
    "_verticalCenter": 0,
    "_isAbsLeft": true,
    "_isAbsRight": true,
    "_isAbsTop": true,
    "_isAbsBottom": true,
    "_isAbsHorizontalCenter": true,
    "_isAbsVerticalCenter": true,
    "_originalWidth": 0,
    "_originalHeight": 0,
    "_alignMode": 2,
    "_lockFlags": 10,
    "_id": "b6auCfqSpLf6LpF8iFardS"
  },
  {
    "__type__": "cc.Button",
    "_name": "",
    "_objFlags": 0,
    "__editorExtras__": {},
    "node": {
      "__id__": 53
    },
    "_enabled": true,
    "__prefab": null,
    "clickEvents": [],
    "_interactable": true,
    "_transition": 3,
    "_normalColor": {
      "__type__": "cc.Color",
      "r": 255,
      "g": 255,
      "b": 255,
      "a": 255
    },
    "_hoverColor": {
      "__type__": "cc.Color",
      "r": 211,
      "g": 211,
      "b": 211,
      "a": 255
    },
    "_pressedColor": {
      "__type__": "cc.Color",
      "r": 255,
      "g": 255,
      "b": 255,
      "a": 255
    },
    "_disabledColor": {
      "__type__": "cc.Color",
      "r": 124,
      "g": 124,
      "b": 124,
      "a": 255
    },
    "_normalSprite": {
      "__uuid__": "c6bc732f-1b11-4d20-b7a9-1c3528f4cde7@70f55",
      "__expectedType__": "cc.SpriteFrame"
    },
    "_hoverSprite": null,
    "_pressedSprite": null,
    "_disabledSprite": null,
    "_duration": 0.1,
    "_zoomScale": 0.8,
    "_target": null,
    "_id": "8b1bAbyrhCwYPEI0DkgDdx"
  },
  {
    "__type__": "cc.Node",
    "_name": "同意",
    "_objFlags": 0,
    "_parent": {
      "__id__": 52
    },
    "_children": [],
    "_active": true,
    "_components": [
      {
        "__id__": 59
      },
      {
        "__id__": 60
      },
      {
        "__id__": 61
      },
      {
        "__id__": 62
      }
    ],
    "_prefab": null,
    "_lpos": {
      "__type__": "cc.Vec3",
      "x": 444.5,
      "y": 0,
      "z": 0
    },
    "_lrot": {
      "__type__": "cc.Quat",
      "x": 0,
      "y": 0,
      "z": 0,
      "w": 1
    },
    "_lscale": {
      "__type__": "cc.Vec3",
      "x": 1,
      "y": 1,
      "z": 1
    },
    "_mobility": 0,
    "_layer": 33554432,
    "_euler": {
      "__type__": "cc.Vec3",
      "x": 0,
      "y": 0,
      "z": 0
    },
    "_id": "c1gAzkjw5GmZ5JTrQrtQV+"
  },
  {
    "__type__": "cc.UITransform",
    "_name": "",
    "_objFlags": 0,
    "node": {
      "__id__": 58
    },
    "_enabled": true,
    "__prefab": null,
    "_contentSize": {
      "__type__": "cc.Size",
      "width": 199,
      "height": 79
    },
    "_anchorPoint": {
      "__type__": "cc.Vec2",
      "x": 0.5,
      "y": 0.5
    },
    "_id": "47IPYW5BdG97CEfDC2qKFy"
  },
  {
    "__type__": "cc.Sprite",
    "_name": "",
    "_objFlags": 0,
    "node": {
      "__id__": 58
    },
    "_enabled": true,
    "__prefab": null,
    "_customMaterial": null,
    "_srcBlendFactor": 2,
    "_dstBlendFactor": 4,
    "_color": {
      "__type__": "cc.Color",
      "r": 255,
      "g": 255,
      "b": 255,
      "a": 255
    },
    "_spriteFrame": {
      "__uuid__": "c6bc732f-1b11-4d20-b7a9-1c3528f4cde7@ec280",
      "__expectedType__": "cc.SpriteFrame"
    },
    "_type": 0,
    "_fillType": 0,
    "_sizeMode": 0,
    "_fillCenter": {
      "__type__": "cc.Vec2",
      "x": 0,
      "y": 0
    },
    "_fillStart": 0,
    "_fillRange": 0,
    "_isTrimmedMode": true,
    "_useGrayscale": false,
    "_atlas": {
      "__uuid__": "c6bc732f-1b11-4d20-b7a9-1c3528f4cde7",
      "__expectedType__": "cc.SpriteAtlas"
    },
    "_id": "eb2pwJWIBNPp0rwtrGDS21"
  },
  {
    "__type__": "cc.Widget",
    "_name": "",
    "_objFlags": 0,
    "node": {
      "__id__": 58
    },
    "_enabled": true,
    "__prefab": null,
    "_alignFlags": 34,
    "_target": {
      "__id__": 52
    },
    "_left": 0,
    "_right": 0,
    "_top": 0,
    "_bottom": 0,
    "_horizontalCenter": 0,
    "_verticalCenter": 0,
    "_isAbsLeft": true,
    "_isAbsRight": true,
    "_isAbsTop": true,
    "_isAbsBottom": true,
    "_isAbsHorizontalCenter": true,
    "_isAbsVerticalCenter": true,
    "_originalWidth": 0,
    "_originalHeight": 0,
    "_alignMode": 2,
    "_lockFlags": 34,
    "_id": "9fAfUTLdpHfoMaiFJvVr1D"
  },
  {
    "__type__": "cc.Button",
    "_name": "",
    "_objFlags": 0,
    "__editorExtras__": {},
    "node": {
      "__id__": 58
    },
    "_enabled": true,
    "__prefab": null,
    "clickEvents": [],
    "_interactable": true,
    "_transition": 3,
    "_normalColor": {
      "__type__": "cc.Color",
      "r": 255,
      "g": 255,
      "b": 255,
      "a": 255
    },
    "_hoverColor": {
      "__type__": "cc.Color",
      "r": 211,
      "g": 211,
      "b": 211,
      "a": 255
    },
    "_pressedColor": {
      "__type__": "cc.Color",
      "r": 255,
      "g": 255,
      "b": 255,
      "a": 255
    },
    "_disabledColor": {
      "__type__": "cc.Color",
      "r": 124,
      "g": 124,
      "b": 124,
      "a": 255
    },
    "_normalSprite": {
      "__uuid__": "c6bc732f-1b11-4d20-b7a9-1c3528f4cde7@ec280",
      "__expectedType__": "cc.SpriteFrame"
    },
    "_hoverSprite": null,
    "_pressedSprite": null,
    "_disabledSprite": null,
    "_duration": 0.1,
    "_zoomScale": 0.9,
    "_target": {
      "__id__": 58
    },
    "_id": "adjUEsc1hLD72DYbGCIndj"
  },
  {
    "__type__": "cc.UITransform",
    "_name": "",
    "_objFlags": 0,
    "node": {
      "__id__": 52
    },
    "_enabled": true,
    "__prefab": null,
    "_contentSize": {
      "__type__": "cc.Size",
      "width": 544,
      "height": 80
    },
    "_anchorPoint": {
      "__type__": "cc.Vec2",
      "x": 0,
      "y": 0.5
    },
    "_id": "726CPGMFFBfpA+oW8dGIjh"
  },
  {
    "__type__": "cc.Widget",
    "_name": "",
    "_objFlags": 0,
    "node": {
      "__id__": 52
    },
    "_enabled": true,
    "__prefab": null,
    "_alignFlags": 20,
    "_target": {
      "__id__": 51
    },
    "_left": 0,
    "_right": 0,
    "_top": 0,
    "_bottom": 50,
    "_horizontalCenter": 0,
    "_verticalCenter": 0,
    "_isAbsLeft": true,
    "_isAbsRight": true,
    "_isAbsTop": true,
    "_isAbsBottom": true,
    "_isAbsHorizontalCenter": true,
    "_isAbsVerticalCenter": true,
    "_originalWidth": 0,
    "_originalHeight": 0,
    "_alignMode": 2,
    "_lockFlags": 20,
    "_id": "72hnRtDNZBIYVeosXITY1J"
  },
  {
    "__type__": "cc.Node",
    "_name": "ScrollView",
    "_objFlags": 0,
    "_parent": {
      "__id__": 51
    },
    "_children": [
      {
        "__id__": 66
      },
      {
        "__id__": 76
      }
    ],
    "_active": true,
    "_components": [
      {
        "__id__": 100
      },
      {
        "__id__": 101
      },
      {
        "__id__": 74
      }
    ],
    "_prefab": null,
    "_lpos": {
      "__type__": "cc.Vec3",
      "x": -6.964,
      "y": 147.594,
      "z": 0
    },
    "_lrot": {
      "__type__": "cc.Quat",
      "x": 0,
      "y": 0,
      "z": 0,
      "w": 1
    },
    "_lscale": {
      "__type__": "cc.Vec3",
      "x": 1,
      "y": 1,
      "z": 1
    },
    "_mobility": 0,
    "_layer": 33554432,
    "_euler": {
      "__type__": "cc.Vec3",
      "x": 0,
      "y": 0,
      "z": 0
    },
    "_id": "68JYTYoThGpaNPHiVC/70e"
  },
  {
    "__type__": "cc.Node",
    "_name": "scrollBar",
    "_objFlags": 0,
    "_parent": {
      "__id__": 65
    },
    "_children": [
      {
        "__id__": 67
      }
    ],
    "_active": true,
    "_components": [
      {
        "__id__": 70
      },
      {
        "__id__": 71
      },
      {
        "__id__": 72
      },
      {
        "__id__": 73
      }
    ],
    "_prefab": null,
    "_lpos": {
      "__type__": "cc.Vec3",
      "x": 430,
      "y": -140,
      "z": 0
    },
    "_lrot": {
      "__type__": "cc.Quat",
      "x": 0,
      "y": 0,
      "z": 0,
      "w": 1
    },
    "_lscale": {
      "__type__": "cc.Vec3",
      "x": 1,
      "y": 1,
      "z": 1
    },
    "_mobility": 0,
    "_layer": 33554432,
    "_euler": {
      "__type__": "cc.Vec3",
      "x": 0,
      "y": 0,
      "z": 0
    },
    "_id": "93Qn7G9ihADL5WfeZ2agRU"
  },
  {
    "__type__": "cc.Node",
    "_name": "bar",
    "_objFlags": 0,
    "_parent": {
      "__id__": 66
    },
    "_children": [],
    "_active": true,
    "_components": [
      {
        "__id__": 68
      },
      {
        "__id__": 69
      }
    ],
    "_prefab": null,
    "_lpos": {
      "__type__": "cc.Vec3",
      "x": -11,
      "y": -31.25,
      "z": 0
    },
    "_lrot": {
      "__type__": "cc.Quat",
      "x": 0,
      "y": 0,
      "z": 0,
      "w": 1
    },
    "_lscale": {
      "__type__": "cc.Vec3",
      "x": 1,
      "y": 1,
      "z": 1
    },
    "_mobility": 0,
    "_layer": 33554432,
    "_euler": {
      "__type__": "cc.Vec3",
      "x": 0,
      "y": 0,
      "z": 0
    },
    "_id": "f2bz8eB9dJxI2q1+AHVD/9"
  },
  {
    "__type__": "cc.UITransform",
    "_name": "",
    "_objFlags": 0,
    "node": {
      "__id__": 67
    },
    "_enabled": true,
    "__prefab": null,
    "_contentSize": {
      "__type__": "cc.Size",
      "width": 10,
      "height": 156.25
    },
    "_anchorPoint": {
      "__type__": "cc.Vec2",
      "x": 0,
      "y": 0
    },
    "_id": "ceVdjblc1FCIt1eGdCn/4f"
  },
  {
    "__type__": "cc.Sprite",
    "_name": "",
    "_objFlags": 0,
    "node": {
      "__id__": 67
    },
    "_enabled": true,
    "__prefab": null,
    "_customMaterial": null,
    "_srcBlendFactor": 2,
    "_dstBlendFactor": 4,
    "_color": {
      "__type__": "cc.Color",
      "r": 143,
      "g": 176,
      "b": 247,
      "a": 125
    },
    "_spriteFrame": {
      "__uuid__": "afc47931-f066-46b0-90be-9fe61f213428@f9941",
      "__expectedType__": "cc.SpriteFrame"
    },
    "_type": 1,
    "_fillType": 0,
    "_sizeMode": 0,
    "_fillCenter": {
      "__type__": "cc.Vec2",
      "x": 0,
      "y": 0
    },
    "_fillStart": 0,
    "_fillRange": 0,
    "_isTrimmedMode": true,
    "_useGrayscale": false,
    "_atlas": null,
    "_id": "7ebruVM6lMK6ommnAIh9By"
  },
  {
    "__type__": "cc.UITransform",
    "_name": "",
    "_objFlags": 0,
    "node": {
      "__id__": 66
    },
    "_enabled": true,
    "__prefab": null,
    "_contentSize": {
      "__type__": "cc.Size",
      "width": 12,
      "height": 280
    },
    "_anchorPoint": {
      "__type__": "cc.Vec2",
      "x": 1,
      "y": 0.5
    },
    "_id": "3dOi7lJZFIJ67SGJG+3+o4"
  },
  {
    "__type__": "cc.Sprite",
    "_name": "",
    "_objFlags": 0,
    "node": {
      "__id__": 66
    },
    "_enabled": true,
    "__prefab": null,
    "_customMaterial": null,
    "_srcBlendFactor": 2,
    "_dstBlendFactor": 4,
    "_color": {
      "__type__": "cc.Color",
      "r": 255,
      "g": 255,
      "b": 255,
      "a": 255
    },
    "_spriteFrame": null,
    "_type": 1,
    "_fillType": 0,
    "_sizeMode": 0,
    "_fillCenter": {
      "__type__": "cc.Vec2",
      "x": 0,
      "y": 0
    },
    "_fillStart": 0,
    "_fillRange": 0,
    "_isTrimmedMode": true,
    "_useGrayscale": false,
    "_atlas": null,
    "_id": "d4MpyV/yxLEpnL82MsD13Q"
  },
  {
    "__type__": "cc.Widget",
    "_name": "",
    "_objFlags": 0,
    "node": {
      "__id__": 66
    },
    "_enabled": true,
    "__prefab": null,
    "_alignFlags": 37,
    "_target": null,
    "_left": 0,
    "_right": 0,
    "_top": 0,
    "_bottom": 0,
    "_horizontalCenter": 0,
    "_verticalCenter": 0,
    "_isAbsLeft": true,
    "_isAbsRight": true,
    "_isAbsTop": true,
    "_isAbsBottom": true,
    "_isAbsHorizontalCenter": true,
    "_isAbsVerticalCenter": true,
    "_originalWidth": 0,
    "_originalHeight": 250,
    "_alignMode": 1,
    "_lockFlags": 0,
    "_id": "6bFKFC/49D77z+AydfGg9j"
  },
  {
    "__type__": "cc.ScrollBar",
    "_name": "",
    "_objFlags": 0,
    "node": {
      "__id__": 66
    },
    "_enabled": true,
    "__prefab": null,
    "_scrollView": {
      "__id__": 74
    },
    "_handle": {
      "__id__": 69
    },
    "_direction": 1,
    "_enableAutoHide": false,
    "_autoHideTime": 1,
    "_id": "26Cf0S1dlKto5YEQi3x/+d"
  },
  {
    "__type__": "cc.ScrollView",
    "_name": "",
    "_objFlags": 0,
    "node": {
      "__id__": 65
    },
    "_enabled": true,
    "__prefab": null,
    "bounceDuration": 0.23,
    "brake": 0.75,
    "elastic": true,
    "inertia": true,
    "horizontal": false,
    "vertical": true,
    "cancelInnerEvents": true,
    "scrollEvents": [],
    "_content": {
      "__id__": 75
    },
    "_horizontalScrollBar": null,
    "_verticalScrollBar": {
      "__id__": 73
    },
    "_id": "51ls+f/dNJBZtRBVbJ2uvN"
  },
  {
    "__type__": "cc.Node",
    "_name": "content",
    "_objFlags": 0,
    "_parent": {
      "__id__": 76
    },
    "_children": [
      {
        "__id__": 80
      },
      {
        "__id__": 83
      },
      {
        "__id__": 86
      },
      {
        "__id__": 89
      },
      {
        "__id__": 92
      },
      {
        "__id__": 95
      }
    ],
    "_active": true,
    "_components": [
      {
        "__id__": 98
      },
      {
        "__id__": 99
      }
    ],
    "_prefab": null,
    "_lpos": {
      "__type__": "cc.Vec3",
      "x": 0,
      "y": 0,
      "z": 0
    },
    "_lrot": {
      "__type__": "cc.Quat",
      "x": 0,
      "y": 0,
      "z": 0,
      "w": 1
    },
    "_lscale": {
      "__type__": "cc.Vec3",
      "x": 1,
      "y": 1,
      "z": 1
    },
    "_mobility": 0,
    "_layer": 33554432,
    "_euler": {
      "__type__": "cc.Vec3",
      "x": 0,
      "y": 0,
      "z": 0
    },
    "_id": "4af3c1rUROOZaqwZ7wD+td"
  },
  {
    "__type__": "cc.Node",
    "_name": "view",
    "_objFlags": 0,
    "_parent": {
      "__id__": 65
    },
    "_children": [
      {
        "__id__": 75
      }
    ],
    "_active": true,
    "_components": [
      {
        "__id__": 77
      },
      {
        "__id__": 78
      },
      {
        "__id__": 79
      }
    ],
    "_prefab": null,
    "_lpos": {
      "__type__": "cc.Vec3",
      "x": 0,
      "y": 0,
      "z": 0
    },
    "_lrot": {
      "__type__": "cc.Quat",
      "x": 0,
      "y": 0,
      "z": 0,
      "w": 1
    },
    "_lscale": {
      "__type__": "cc.Vec3",
      "x": 1,
      "y": 1,
      "z": 1
    },
    "_mobility": 1,
    "_layer": 33554432,
    "_euler": {
      "__type__": "cc.Vec3",
      "x": 0,
      "y": 0,
      "z": 0
    },
    "_id": "36QkIT0IVHe6t2kSeJ5uc8"
  },
  {
    "__type__": "cc.UITransform",
    "_name": "",
    "_objFlags": 0,
    "node": {
      "__id__": 76
    },
    "_enabled": true,
    "__prefab": null,
    "_contentSize": {
      "__type__": "cc.Size",
      "width": 860,
      "height": 280
    },
    "_anchorPoint": {
      "__type__": "cc.Vec2",
      "x": 0.5,
      "y": 1
    },
    "_id": "afLTrsnBZPYINIu53T0fLt"
  },
  {
    "__type__": "cc.Mask",
    "_name": "",
    "_objFlags": 0,
    "node": {
      "__id__": 76
    },
    "_enabled": true,
    "__prefab": null,
    "_type": 0,
    "_inverted": false,
    "_segments": 64,
    "_alphaThreshold": 0.1,
    "_id": "4dHlPLpLJNKb1EWVfrHJSA"
  },
  {
    "__type__": "cc.Graphics",
    "_name": "",
    "_objFlags": 0,
    "node": {
      "__id__": 76
    },
    "_enabled": true,
    "__prefab": null,
    "_customMaterial": null,
    "_srcBlendFactor": 2,
    "_dstBlendFactor": 4,
    "_color": {
      "__type__": "cc.Color",
      "r": 255,
      "g": 255,
      "b": 255,
      "a": 255
    },
    "_lineWidth": 1,
    "_strokeColor": {
      "__type__": "cc.Color",
      "r": 0,
      "g": 0,
      "b": 0,
      "a": 255
    },
    "_lineJoin": 2,
    "_lineCap": 0,
    "_fillColor": {
      "__type__": "cc.Color",
      "r": 255,
      "g": 255,
      "b": 255,
      "a": 0
    },
    "_miterLimit": 10,
    "_id": "afQv4OND9PWLhfotQqlhlz"
  },
  {
    "__type__": "cc.Node",
    "_name": "Label",
    "_objFlags": 0,
    "_parent": {
      "__id__": 75
    },
    "_children": [],
    "_active": true,
    "_components": [
      {
        "__id__": 81
      },
      {
        "__id__": 82
      }
    ],
    "_prefab": null,
    "_lpos": {
      "__type__": "cc.Vec3",
      "x": -427.602,
      "y": 0,
      "z": 0
    },
    "_lrot": {
      "__type__": "cc.Quat",
      "x": 0,
      "y": 0,
      "z": 0,
      "w": 1
    },
    "_lscale": {
      "__type__": "cc.Vec3",
      "x": 1,
      "y": 1,
      "z": 1
    },
    "_mobility": 0,
    "_layer": 33554432,
    "_euler": {
      "__type__": "cc.Vec3",
      "x": 0,
      "y": 0,
      "z": 0
    },
    "_id": "daEa4W7bZHcb8xHH5msEBb"
  },
  {
    "__type__": "cc.UITransform",
    "_name": "",
    "_objFlags": 0,
    "node": {
      "__id__": 80
    },
    "_enabled": true,
    "__prefab": null,
    "_contentSize": {
      "__type__": "cc.Size",
      "width": 850,
      "height": 1810.4
    },
    "_anchorPoint": {
      "__type__": "cc.Vec2",
      "x": 0,
      "y": 1
    },
    "_id": "dab3oxtT5IeIKoV6Kw0Iv6"
  },
  {
    "__type__": "cc.Label",
    "_name": "",
    "_objFlags": 0,
    "node": {
      "__id__": 80
    },
    "_enabled": true,
    "__prefab": null,
    "_customMaterial": null,
    "_srcBlendFactor": 2,
    "_dstBlendFactor": 4,
    "_color": {
      "__type__": "cc.Color",
      "r": 26,
      "g": 41,
      "b": 105,
      "a": 255
    },
    "_string": "隐私保护政策\n龙游斗地主隐私保护指引\n【龙游斗地主】游戏(以下称“本游戏”)由【北京蓝达信通科技有限公司】\n(以下称“我们”，公司地址为北京市朝阳区小武基路满井村57号院4幢等13幢\n内6幢A-341室)开发、运营管理。\n为了贯彻落实法律法规及监管规定，也为了向您提供优质的产品服务，根据\n相关政策法规的规定，遵循安全、可靠的隐私保护原则，制定本《隐私保护\n政策》\n（以下简称“本政策”)。目的为使用户（指使用本游戏服务的个人，本政策更\n多地称为“您”)清晰的了解:\n1.我们如何收集和使用个人信息；\n2.我们如何使用Cookie和同类技术；\n3.我们收集用户信息的存储和安全保护措施；\n4.我们如何共享、转让、公开披露个人信息；\n5.管理您的个人信息；\n6.未成年人保护；\n7.其他风险提示；\n8.争议解决及联系方式。\n希望您仔细阅读本政策，详细了解我们对用户信息的收集、使用、存储及保\n护等，以便您更好地了解本游戏服务并作出适当的选择。\n如果您为未成年人，则您应在法定监护人陪同下审阅本政策，经法定监护人\n审阅并同意后，您方可使用本游戏服务，并向我们提供您的个人信息。\n如果您或监护人不同意本政策的任何内容，请您立即停止使用我们的游戏服\n务。\n若您使用本游戏服务，即表示您认同我们在本政策中所述的内容，并同意我\n们按照本政策来收集、使用、存储和保护您的相关信息。\n同时，我们保证将依据合法、正当、必要的原则，仅收集实现产品功能所必\n要的信息。\n我们可能根据法律法规的要求或游戏运营的需要，不时地检查、更新《隐私\n保护政策》，因此有关的措施会随之变化，且该等修改构成本政策的一部分\n。除非另有规定，否则任何变更或修改将在修订内容发布之时立即生效。\n请您随时关注我们的官方页面以确保对我们隐私政策最新版本始终保持了解。\n如您认为该等修改造成您在本游戏服务中权利的实质减损，您可以选择停止\n使用我们向您提供的服务。\n您对本服务的使用、继续使用将表明您接受此等变更或修改，并同意受经修\n订的本政策的约束。\n在阅读完本政策之后，如您对本政策或与本政策相关的事宜有任何问题，可\n通过本政策文末公布的联系方式与我们联系。\n【我们如何收集和使用个人信息】\n在您使用我们的服务过程中，我们会按照如下方式收集您的下列个人信息，\n用以向您提供、优化我们的服务以及保障您的账户安全:\n\n帮助您完成登录。\n当您登录我们的游戏服务时，我们会收集您的网络身份标识信息及个人常用\n设备信息，用于标记您为我们的游戏用户。",
    "_horizontalAlign": 0,
    "_verticalAlign": 0,
    "_actualFontSize": 25,
    "_fontSize": 25,
    "_fontFamily": "Arial",
    "_lineHeight": 40,
    "_overflow": 0,
    "_enableWrapText": true,
    "_font": null,
    "_isSystemFontUsed": true,
    "_spacingX": 0,
    "_isItalic": false,
    "_isBold": false,
    "_isUnderline": false,
    "_underlineHeight": 2,
    "_cacheMode": 0,
    "_id": "32NUlPY+RCXrFtY1/Whr37"
  },
  {
    "__type__": "cc.Node",
    "_name": "Label2",
    "_objFlags": 0,
    "_parent": {
      "__id__": 75
    },
    "_children": [],
    "_active": true,
    "_components": [
      {
        "__id__": 84
      },
      {
        "__id__": 85
      }
    ],
    "_prefab": null,
    "_lpos": {
      "__type__": "cc.Vec3",
      "x": -427.602,
      "y": -1810.4,
      "z": 0
    },
    "_lrot": {
      "__type__": "cc.Quat",
      "x": 0,
      "y": 0,
      "z": 0,
      "w": 1
    },
    "_lscale": {
      "__type__": "cc.Vec3",
      "x": 1,
      "y": 1,
      "z": 1
    },
    "_mobility": 0,
    "_layer": 33554432,
    "_euler": {
      "__type__": "cc.Vec3",
      "x": 0,
      "y": 0,
      "z": 0
    },
    "_id": "5eIM4zghRAF5f7MCTAWjon"
  },
  {
    "__type__": "cc.UITransform",
    "_name": "",
    "_objFlags": 0,
    "node": {
      "__id__": 83
    },
    "_enabled": true,
    "__prefab": null,
    "_contentSize": {
      "__type__": "cc.Size",
      "width": 858.33,
      "height": 1970.4
    },
    "_anchorPoint": {
      "__type__": "cc.Vec2",
      "x": 0,
      "y": 1
    },
    "_id": "3aYIGaHyhDU7Syey9YhQOS"
  },
  {
    "__type__": "cc.Label",
    "_name": "",
    "_objFlags": 0,
    "node": {
      "__id__": 83
    },
    "_enabled": true,
    "__prefab": null,
    "_customMaterial": null,
    "_srcBlendFactor": 2,
    "_dstBlendFactor": 4,
    "_color": {
      "__type__": "cc.Color",
      "r": 26,
      "g": 41,
      "b": 105,
      "a": 255
    },
    "_string": "如果您使用微信或其他我们认可的第三方账号(以下统称“第三方账号”)登录我\n们的游戏，您将授权我们获取您在第三方平台注册的公开信息（头像、昵称\n以及您授权的其他信息)，这些信息将用于保存您的登录信息，以便您在不同\n设备登录。\n实名身份认证。\n为满足相关法律法规政策及相关主管部门的要求，您需进行实名认证以继续\n使用和享受本游戏。我们会在您主动提供的情况下收集您的实名身份信息（\n包括姓名、身份证号码)，该信息属于敏感信息，拒绝提供实名身份信息可能\n会导致您无法登录本游戏或在使用本游戏过程中受到相应限制。\n我们会收集您通过我们的客服或参加我们举办的活动时所提交的信息（您参\n与我们线上活动时填写的调查问卷中可能包含的您的姓名、电话、地址信息)。\n我们可能在必需时(当我们由于系统维护而暂停某一单项服务、变更、终止提\n供某一单项服务时）会通过上述信息向您发出与服务有关的通知。\n为了实现游戏基本功能的正常运转，我们会收集使用以下信息:\n4.1为了便于您能够查看您的游戏历史记录，同时为了更好的进行游戏运营\n统计分析、客服投诉处理及其他游戏安全分析工作，我们会自动收集您对\n我们游戏的详细使用情况并存储为服务日志信息，我们可能把前述信息同\n步至该游戏后续版本或您正在使用的我们提供的其他产品中。\n4.2为了识别帐号异常状态、了解产品适配性、保障我们游戏的安全运行，\n我们会通过设备信息权限收集您的设备信息（SDK版本、设备产商、设备\n型号、设备名称、操作系统类型、音量设置、分辨率、IP地址、应用包名\n及版本、设备标识符(MAC/IMEI/Android ID/GUIDIMSI)、匿名设备标识符\n(OAID)、WIFI状态信息、电池使用情况)、通过GET_TASKS权限检索您的\n应用进程、通过READ_LOGS权限读取系统日志文件，同时我们还会收集\n您的网络接入方式及类型、应用安装列表、游戏崩溃记录信息。\n悬浮窗功能。\n如您希望在使用其他应用时同时使用我们的游戏，在您授权同意后，我们\n将获取悬浮窗权限，使我们的产品在其他应用上方显示。\n与周围玩家互动的功能。\n如您希望与附近的游戏玩家互动，在您授权同意后，我们会收集您的地理\n位置信息，用于寻找附近的游戏玩家，以便您与附近的玩家互动。\n地理位置信息属于敏感信息，拒绝提供该信息只会导致您无法实现与附近\n的游戏玩家互动，但不影响您正常使用游戏的其他功能，您也可以随时取\n消您的地理位置信息授权。\n与客户电话沟通功能。\n如您希望在体验本游戏过程中可以直接通过客服界面拨打我们客服的电话\n获取相应的服务，在您授权同意后，我们会获取拨打电话的权限，以方便\n您跟我们的客服联系。\n自定义头像功能。\n如您希望自定义游戏中的头像，在您授权同意后，我们会访问您的相册或\n存储文件、摄像头，方便您拍照、上传图片信息，进而变更头像。\n我们会收集您上传的图片信息，该信息属于敏感信息，拒绝提供该信息会\n导致您无法实现游戏头像自定义功能，但不影响您正常使用本游戏的其他\n功能。\n账号本地存储功能。\n如您希望在本地储存游戏账号及资源，以方便您在卸载重装后顺利找回之\n前的账号及游戏信息,我们会向您申请获取读取及写入外置存储器权限，拒\n绝提供该权限不影响您正常使用本游戏的其他功能,您也可以随时取消您的\n授权。",
    "_horizontalAlign": 0,
    "_verticalAlign": 0,
    "_actualFontSize": 25,
    "_fontSize": 25,
    "_fontFamily": "Arial",
    "_lineHeight": 40,
    "_overflow": 0,
    "_enableWrapText": true,
    "_font": null,
    "_isSystemFontUsed": true,
    "_spacingX": 0,
    "_isItalic": false,
    "_isBold": false,
    "_isUnderline": false,
    "_underlineHeight": 2,
    "_cacheMode": 0,
    "_id": "92tD4WoD5PZ5pm8jNyQ08w"
  },
  {
    "__type__": "cc.Node",
    "_name": "Label3",
    "_objFlags": 0,
    "_parent": {
      "__id__": 75
    },
    "_children": [],
    "_active": true,
    "_components": [
      {
        "__id__": 87
      },
      {
        "__id__": 88
      }
    ],
    "_prefab": null,
    "_lpos": {
      "__type__": "cc.Vec3",
      "x": -427.602,
      "y": -3780.8,
      "z": 0
    },
    "_lrot": {
      "__type__": "cc.Quat",
      "x": 0,
      "y": 0,
      "z": 0,
      "w": 1
    },
    "_lscale": {
      "__type__": "cc.Vec3",
      "x": 1,
      "y": 1,
      "z": 1
    },
    "_mobility": 0,
    "_layer": 33554432,
    "_euler": {
      "__type__": "cc.Vec3",
      "x": 0,
      "y": 0,
      "z": 0
    },
    "_id": "81FSSVyJhJm6+bgKQZ4hxh"
  },
  {
    "__type__": "cc.UITransform",
    "_name": "",
    "_objFlags": 0,
    "node": {
      "__id__": 86
    },
    "_enabled": true,
    "__prefab": null,
    "_contentSize": {
      "__type__": "cc.Size",
      "width": 875,
      "height": 2010.4
    },
    "_anchorPoint": {
      "__type__": "cc.Vec2",
      "x": 0,
      "y": 1
    },
    "_id": "91D0DFJC5L66eZZazJMgdg"
  },
  {
    "__type__": "cc.Label",
    "_name": "",
    "_objFlags": 0,
    "node": {
      "__id__": 86
    },
    "_enabled": true,
    "__prefab": null,
    "_customMaterial": null,
    "_srcBlendFactor": 2,
    "_dstBlendFactor": 4,
    "_color": {
      "__type__": "cc.Color",
      "r": 26,
      "g": 41,
      "b": 105,
      "a": 255
    },
    "_string": "4.1为了便于您能够查看您的游戏历史记录，同时为了更好的进行游戏运营\n账号本地存储功能。\n如您希望在本地储存游戏账号及资源，以方便您在卸载重装后顺利找回之前\n的账号及游戏信息,我们会向您申请获取读取及写入外置存储器权限，拒绝提\n供该权限不影响您正常使用本游戏的其他功能,您也可以随时取消您的授权。\n安装第三方应用功能。\n如您希望在使用我们游戏时可以选择下载安装第三方广告中推广的应用，在您\n授权同意后，我们会获取应用内安装其他应用的权限，拒绝提供该权限只会导\n致您在我们游戏中无法安装第三方应用，但不影响您正常使用本游戏的其他功\n能，您也可以随时取消您的授权。\n活动提醒功能。\n如您希望我们能及时通知您领取本游戏收益及参与活动，在您授权同意后，我\n们会获取您的通知权限，拒绝提供该权限只会导致您无法及时获取上述消息，\n但不影响您正常使用本游戏的其他功能，您也可以随时取消您的授权。\n语音互动功能。\n如果您希望通过语音的方式与其他玩家进行沟通交流互动，在您授权同意后，\n我们会访问您的麦克风，决绝提供该权限知会导致您无法通过语音与其他玩家\n进行沟通，但不影响您正常使用本游戏的其他功能，您也可以随时取消您的授\n权。\n广告服务功能。\n如果您希望在游戏中获得广告服务，在获得您的授权后，我们会收集您的广告\n标识符(IDFA)信息，进而向您提供我们或第三方的广告信息。拒绝提供该信息\n可能会导致您无法获取广告服务，但不影响您正常使用本游戏的其他功能，您\n也可以随时取消您的授权。\n\n请您理解，在下列情形中，根据法律法规及相关国家标准，我们收集和使用您\n的个人信息无需征得您的授权同意:\n与国家安全、国防安全直接相关的；\n与公共安全、公共卫生、重大公共利益直接相关的；\n与犯罪侦查、起诉、审判和判决执行等直接相关的；\n出于维护您或其他个人的生命、财产等重大合法权益但又很难得到本人同意的；\n所收集的个人信息是您自行向社会公众公开的；\n从合法公开披露的信息中收集到您的个人信息，如从合法的新闻报道、政府信\n息公开等渠道；\n根据您的要求签订和履行合同所必需的；\n用于维护我们的产品和/或服务的安全稳定运行所必需的，例如发现、处置产\n品或服务的故障；\n为合法的新闻报道所必需的；\n学术研究机构基于公共利益开展统计或学术研究所必要，且对外提供学术研\n究或描述的结果时，对结果中所包含的个人信息进行去标识化处理的；\n法律法规规定的其他情形。\n有关个人敏感信息的提示，\n个人敏感信息，是指一旦泄露、非法提供或滥用可能危害人身和财产安全，\n极易导致个人名誉、身心健康受到损害或歧视性待遇等的个人信息。\n在您向我们提供任何属于敏感信息的个人信息前，请您清楚考虑该等提供\n是恰当的并且同意您的个人敏感信息可按本政策所述的目的和方式进行处理。\n\n我们会在得到您的同意后收集和使用您的敏感信息以实现与我们业务相关的\n功能，并允许您对这些敏感信息的收集与使用做出不同意的选择，但是拒绝\n使用这些信息会影响您使用相关功能。",
    "_horizontalAlign": 0,
    "_verticalAlign": 0,
    "_actualFontSize": 25,
    "_fontSize": 25,
    "_fontFamily": "Arial",
    "_lineHeight": 40,
    "_overflow": 0,
    "_enableWrapText": true,
    "_font": null,
    "_isSystemFontUsed": true,
    "_spacingX": 0,
    "_isItalic": false,
    "_isBold": false,
    "_isUnderline": false,
    "_underlineHeight": 2,
    "_cacheMode": 0,
    "_id": "0fYfVO+qpIyYcP5eT5ZYml"
  },
  {
    "__type__": "cc.Node",
    "_name": "Label4",
    "_objFlags": 0,
    "_parent": {
      "__id__": 75
    },
    "_children": [],
    "_active": true,
    "_components": [
      {
        "__id__": 90
      },
      {
        "__id__": 91
      }
    ],
    "_prefab": null,
    "_lpos": {
      "__type__": "cc.Vec3",
      "x": -427.602,
      "y": -5791.200000000001,
      "z": 0
    },
    "_lrot": {
      "__type__": "cc.Quat",
      "x": 0,
      "y": 0,
      "z": 0,
      "w": 1
    },
    "_lscale": {
      "__type__": "cc.Vec3",
      "x": 1,
      "y": 1,
      "z": 1
    },
    "_mobility": 0,
    "_layer": 33554432,
    "_euler": {
      "__type__": "cc.Vec3",
      "x": 0,
      "y": 0,
      "z": 0
    },
    "_id": "4aFT3mikdGZLTq6iY3SDJS"
  },
  {
    "__type__": "cc.UITransform",
    "_name": "",
    "_objFlags": 0,
    "node": {
      "__id__": 89
    },
    "_enabled": true,
    "__prefab": null,
    "_contentSize": {
      "__type__": "cc.Size",
      "width": 884.75,
      "height": 2048
    },
    "_anchorPoint": {
      "__type__": "cc.Vec2",
      "x": 0,
      "y": 1
    },
    "_id": "86UqXHkhpL9ZreWq8h8tr5"
  },
  {
    "__type__": "cc.Label",
    "_name": "",
    "_objFlags": 0,
    "node": {
      "__id__": 89
    },
    "_enabled": true,
    "__prefab": null,
    "_customMaterial": null,
    "_srcBlendFactor": 2,
    "_dstBlendFactor": 4,
    "_color": {
      "__type__": "cc.Color",
      "r": 26,
      "g": 41,
      "b": 105,
      "a": 255
    },
    "_string": "请您理解，我们向您提供的功能和服务是不断更新和发展的，如果某一功能\n或服务未在前述说明中且收集了您的信息，我们会通过页面提示、交互流程\n或网站公告等方式另行向您说明信息收集的内容、范围和目的，并征得您的\n同意。\n【我们如何使用Cookie和同类技术】\n为确保您获得更为流畅、轻松的使用体验，在您使用App及相关服务时，我\n们可能会通过小型数据文件“Cookie”识别您的身份，以帮助您减少信息录入\n的次数和频率。Cookie通常包含标识符、站点名称以及一些号码和字符，借\n助于Cookie，网站能够存储您在使用App时产生的数据。\n我们不会将Cookie用于本政策所述目的之外的任何用途，存储您数据的Cookie\n是唯一的，大部分网络浏览器都设有阻止Cookie的功能，它只能被将Cookie发\n布给您的域中的web服务器读取。\n您可根据自己的偏好管理或删除Cookie，并可随时清除设备上保存的所有Cookie\n，但如果您选择清除，则需要在每一次使用设备访问相关网站、浏览查看商品\n过程中重新进行用户设置。\n【我们收集用户信息的存储和安全保护措施】\n信息的存储\n1.1存储信息的地点及期限, 我们遵守法律法规的规定，将境内收集的用户个人\n信息存储于境内。一般而言，我们仅为实现服务目的所必需的最短时间保留您\n的个人信息。\n超出必要期限后，我们将对您的个人信息进行删除或匿名化处理，但法律法规\n另有规定的除外。但在下列情况下，我们有可能因需符合法律要求，更改个人\n信息的存储时间：\n1.1.1为遵守适用的法律法规等有关规定；\n1.1.2为遵守法院判决、裁定或其他法律程序的规定；\n1.1.3为遵守相关政府机关或法定授权组织的要求；\n1.1.4我们有理由确信需要遵守法律法规等有关规定；\n1.1.5为执行相关服务协议或本政策、维护社会公共利益，为保护们的客户、我\n们或我们的关联公司、其他用户或雇员的人身财产安全或其他合法权益所合理\n必需的用途。\n1.2当我们的产品或服务发生停止运营的情形时，我们将采取公告等形式通知您，\n并在合理的期限内删除您的个人信息。\n信息的保护\n2.1我们非常重视您个人信息的安全，我们会采用商业上合理可行的方式保护用\n户的个人信息安全，我们使用通常可以获得的安全技术和程序来保护用户的个\n人信息不被未经授权地访问、使用或泄漏，包括数据权限管控,强密码加密等方\n式存储您的上述相关信息。\n2.2我们会建立专门的安全部门、安全管理制度、数据安全流程保障您的个人信\n息安全。我们采取严格的数据使用和访问制度，确保只有授权人员才可访问您\n的个人信息，并适时对数据和技术进行安全审计。\n2.3尽管已经采取了上述合理有效措施，并已经遵守了相关法律规定要求的标准\n，但请您理解，由于技术的限制以及可能存在的各种恶意手段，在互联网行业\n，即便竭尽所能加强安全措施，也不可能始终保证信息百分之百的安全，我们\n将尽力确保您提供给我们的个人信息的安全性。\n2.4我们会制定应急处理预案，若发生个人信息泄露等安全事件，我们会启动\n应急预案，阻止安全事件扩大。安全事件发生后，我们会以公告、推送通知\n或邮件等形式告知您安全事件的基本情况、我们即将或已经采取的处置措施\n和补救措施，以及我们对您的应对建议。\n我们将及时将事件相关情况以推送通知、邮件、信函、短信及相关形式告知\n您，难以逐一告知时，我们会采取合理、有效的方式发布公告。\n同时，我们还将按照相关监管部门要求，上报用户信息安全事件的处置情况。",
    "_horizontalAlign": 0,
    "_verticalAlign": 0,
    "_actualFontSize": 25,
    "_fontSize": 25,
    "_fontFamily": "Arial",
    "_lineHeight": 40,
    "_overflow": 0,
    "_enableWrapText": true,
    "_font": null,
    "_isSystemFontUsed": true,
    "_spacingX": 0,
    "_isItalic": false,
    "_isBold": false,
    "_isUnderline": false,
    "_underlineHeight": 2,
    "_cacheMode": 0,
    "_id": "84/bWhn81O/bzvqqhV+n58"
  },
  {
    "__type__": "cc.Node",
    "_name": "Label5",
    "_objFlags": 0,
    "_parent": {
      "__id__": 75
    },
    "_children": [],
    "_active": true,
    "_components": [
      {
        "__id__": 93
      },
      {
        "__id__": 94
      }
    ],
    "_prefab": null,
    "_lpos": {
      "__type__": "cc.Vec3",
      "x": -427.602,
      "y": -7839.200000000001,
      "z": 0
    },
    "_lrot": {
      "__type__": "cc.Quat",
      "x": 0,
      "y": 0,
      "z": 0,
      "w": 1
    },
    "_lscale": {
      "__type__": "cc.Vec3",
      "x": 1,
      "y": 1,
      "z": 1
    },
    "_mobility": 0,
    "_layer": 33554432,
    "_euler": {
      "__type__": "cc.Vec3",
      "x": 0,
      "y": 0,
      "z": 0
    },
    "_id": "a3X+/55zhLOZpoH5RKaV1f"
  },
  {
    "__type__": "cc.UITransform",
    "_name": "",
    "_objFlags": 0,
    "node": {
      "__id__": 92
    },
    "_enabled": true,
    "__prefab": null,
    "_contentSize": {
      "__type__": "cc.Size",
      "width": 859.75,
      "height": 1890.4
    },
    "_anchorPoint": {
      "__type__": "cc.Vec2",
      "x": 0,
      "y": 1
    },
    "_id": "512J417QRPOZp0M35JS2OS"
  },
  {
    "__type__": "cc.Label",
    "_name": "",
    "_objFlags": 0,
    "node": {
      "__id__": 92
    },
    "_enabled": true,
    "__prefab": null,
    "_customMaterial": null,
    "_srcBlendFactor": 2,
    "_dstBlendFactor": 4,
    "_color": {
      "__type__": "cc.Color",
      "r": 26,
      "g": 41,
      "b": 105,
      "a": 255
    },
    "_string": "【我们如何共享、转让、公开披露个人信息】\n共享\n对于您的个人信息，我们不会与任何公司、组织和个人进行共享，除非存在\n以下一种或多种情形：\n1.1在法定情形下的共享:我们可能会根据法律法规规定、诉讼、犯罪侦查、\n争议解决、保障维护国家安全需要，或按行政、司法机关依法提出的要求，\n对外共享您的个人信息。\n1.2在法律要求或允许的范围内，为了保护我们及我们的用户或社会公众的利\n益、财产或安全免遭损害而有必要提供您的个人信息给第三方。\n1.3与关联公司间共享:为便于我们基于平台帐号向您提供产品或服务，识别我\n们帐号异常，我们可能会与我们的关联公司和/或其指定的服务提供商共享您\n的个人信息。我们只会共享必要的个人信息，且受本隐私政策中所述使用目\n的的约束。\n1.4与授权合作伙伴共享：为了向您提供更完善、优质的产品和服务，我们可能\n委托授权合作伙伴或使用第三方SDK相关技术为您提供服务或代表我们履行职\n能。\n我们仅会出于本隐私政策声明的合法、正当、必要、特定、明确的目的共享您\n的信息，合作伙伴只能接触到其履行职责所需信息，且不得将此信息用于其他\n任何目的。\n目前,我们的授权信息包括以下内容:\n1.4.1实现广告相关的共享信息广告统计： 我们可能与业务的服务商、供应商\n和其他合作伙伴共享分析去标识化的设备信息或统计信息，这些信息难以或\n无法与您的真实身份相关联。这些信息将帮助我们分析、衡量广告和相关服\n务的有效性。\n1.4.2实现安全与分析统计的共享信息\n保障使用安全：我们非常重视帐号、服务及内容安全，为保障您和其他用户\n的帐号与财产安全，使您和我们的正当合法权益免受不法侵害，我们和关联\n方或服务提供商可能会共享必要的设备信息、设备所在位置相关信息、日志\n信息、应用信息或正在运行的进程信息、应用程序的总体运行、使用情况与\n频率、应用崩溃情\n况、总体安装使用情况、性能数据、应用来源。\n分析产品使用情况：为分析我们服务的使用情况，提升产品品质，可能会与\n关联方或第三方共享产品使用情况（崩溃、闪退）的统计性数据，这些数据\n难以与其他信息结合识别您的个人身份。 请您理解，我们会尽我们所能对合\n作伙伴或其获取信息的软件工具开发包进行严格检测，以保护数握安全。\n如您在我们平台上使用由第三方提供的服务时，您同意将由其直接收集和处\n理您的信息（如以嵌入代码、插件等形式)。第三方SDK会根据其自身隐私政\n策所述标准存储、使用、处理和保护您的个人信息，本隐私政策不能代替上\n述第三方的隐私政策，强烈建议您在使用上述第三方SDK服务前先行阅读其\n相关隐私政策。请您审慎了解、确认其隐私保护情况，做出您认为适当的选\n择，并且您明确知晓，对于您的自由选择出现的任何后果由您本人自行承担\n，我们不对此承担任何责任。请您同意，我们有权按照本隐私政策的描述与\n合作伙伴共享相关信息。但我们承诺：未经您的同意，我们不会与其共享可\n以识别您身份的个人隐私信息。在不透露单个用户隐私资料的前提下，我们\n有权对整个用户信息数据库进行技术分析并对已进行分析、整理后的用户数\n据库进行商业上的利用。1.5在获取明确同意的情况下共享：获得您的明确\n同意后，我们会与其他方共享您的个人信息。",
    "_horizontalAlign": 0,
    "_verticalAlign": 0,
    "_actualFontSize": 25,
    "_fontSize": 25,
    "_fontFamily": "Arial",
    "_lineHeight": 40,
    "_overflow": 0,
    "_enableWrapText": true,
    "_font": null,
    "_isSystemFontUsed": true,
    "_spacingX": 0,
    "_isItalic": false,
    "_isBold": false,
    "_isUnderline": false,
    "_underlineHeight": 2,
    "_cacheMode": 0,
    "_id": "2d5xIUWuxOjKvjO8IDWAU7"
  },
  {
    "__type__": "cc.Node",
    "_name": "Label6",
    "_objFlags": 0,
    "_parent": {
      "__id__": 75
    },
    "_children": [],
    "_active": true,
    "_components": [
      {
        "__id__": 96
      },
      {
        "__id__": 97
      }
    ],
    "_prefab": null,
    "_lpos": {
      "__type__": "cc.Vec3",
      "x": -427.602,
      "y": -9729.6,
      "z": 0
    },
    "_lrot": {
      "__type__": "cc.Quat",
      "x": 0,
      "y": 0,
      "z": 0,
      "w": 1
    },
    "_lscale": {
      "__type__": "cc.Vec3",
      "x": 1,
      "y": 1,
      "z": 1
    },
    "_mobility": 0,
    "_layer": 33554432,
    "_euler": {
      "__type__": "cc.Vec3",
      "x": 0,
      "y": 0,
      "z": 0
    },
    "_id": "71Xhopm/JDGr5kH7xfYlOb"
  },
  {
    "__type__": "cc.UITransform",
    "_name": "",
    "_objFlags": 0,
    "node": {
      "__id__": 95
    },
    "_enabled": true,
    "__prefab": null,
    "_contentSize": {
      "__type__": "cc.Size",
      "width": 875,
      "height": 1930.4
    },
    "_anchorPoint": {
      "__type__": "cc.Vec2",
      "x": 0,
      "y": 1
    },
    "_id": "e0r33Yv3ZLeotEb+BA6CFu"
  },
  {
    "__type__": "cc.Label",
    "_name": "",
    "_objFlags": 0,
    "node": {
      "__id__": 95
    },
    "_enabled": true,
    "__prefab": null,
    "_customMaterial": null,
    "_srcBlendFactor": 2,
    "_dstBlendFactor": 4,
    "_color": {
      "__type__": "cc.Color",
      "r": 26,
      "g": 41,
      "b": 105,
      "a": 255
    },
    "_string": "对于您的个人信息，我们不会与任何公司、组织和个人进行共享，除非存在\n转让\n转让是指将取得您个人信息的控制权转让给其他公司、组织或个人。除非获\n取您的明确同意，否则我们不会将您的个人信息转让给任何公司、组织或个\n人。但下述情形除外：\n2.1事先已征得您的同意；\n2.2您自行提出的；\n2.3如果公司发生合并、收购或破产清算，将可能涉及到个人信息转让，此\n种情况下我们会告知您有关情况并要求新的持有您个人信息的公司、组织\n继续受本政策的约束。否则我们将要求其重新获取您的明示同意。\n2.4其他法律法规规定的情形。\n公开披露\n您同意我们在以下情况下，且采取符合法律和业界标准的安全防护措施的\n前提下，可以公开披露您的个人信息：\n3.1获得您的明确同意；\n3.2我们将您的游戏数据（包括您的昵称、荣誉称号、段位、头像、头衔等）\n用于游戏内的排行榜，展示给其他玩家。\n3.3基于法律法规、法律程序、诉讼或政府主管部门强制性要求，或严重违\n反我们相关协议及规则的情况，或为保护用户或公众的人身财产安全免遭\n侵害，我们可能依据法律法规或征得您同意的情况下披露关于您的个人信息。\n但我们保证，在符合法律法规的前提下，当我们收到上述披露信息的请求时，\n我们会要求必须出具与之相应的法律文件。\n共享、转让、公开披露个人信息时事先征得授权同意的例外 以下情形中，共\n享、转让、公开披露您的个人信息无需事先征得您的授权同意：\n与国家安全、国防安全有关的；\n与公共安全、公共卫生、重大公共利益有关的；\n与犯罪侦查、起诉、审判和判决执行等司法或行政执法有关的；\n出于维护您或其他个人的生命、财产等重大合法权益但又很难得到本人同意的；\n您自行向社会公众公开的个人信息；\n从合法公开披露的信息中收集个人信息的，如合法的新闻报道、政府信息公开\n等渠道；\n法律法规规定的其他情形。\n【管理您的个人信息】\n查询、更正、删除您的个人信息\n您可以在游戏中通过点击个人头像进入个人中心，进而查询或修改您的昵称、\n性别、头像等信息，具体请根据个人中心界面的指引进行。\n\n如您有关于网络信息安全的投诉和举报，或对本《隐私政策》有任何问题、\n意见或建议，或对我们的隐私措施有任何疑问的，\n您可发送邮件至2972302413@qq.com 我们将尽快审核所涉问题，并在收\n到邮件的十五个工作日内回复。\n请您理解，在以下情形下，我们可能无法响应您的请求：\n与国家安全、国防安全有关的；\n与公共安全、公共卫生、重大公共利益有关的；\n与犯罪侦查、起诉和审判等有关的；\n有充分证据表明您存在主观恶意或滥用权利的；\n响应您的请求将导致其他个人、组织的合法权益受到严重损害的；\n涉及商业秘密的。",
    "_horizontalAlign": 0,
    "_verticalAlign": 0,
    "_actualFontSize": 25,
    "_fontSize": 25,
    "_fontFamily": "Arial",
    "_lineHeight": 40,
    "_overflow": 0,
    "_enableWrapText": true,
    "_font": null,
    "_isSystemFontUsed": true,
    "_spacingX": 0,
    "_isItalic": false,
    "_isBold": false,
    "_isUnderline": false,
    "_underlineHeight": 2,
    "_cacheMode": 0,
    "_id": "e6CMUqy25IyqbVU4Sjl1V/"
  },
  {
    "__type__": "cc.UITransform",
    "_name": "",
    "_objFlags": 0,
    "node": {
      "__id__": 75
    },
    "_enabled": true,
    "__prefab": null,
    "_contentSize": {
      "__type__": "cc.Size",
      "width": 860,
      "height": 11660
    },
    "_anchorPoint": {
      "__type__": "cc.Vec2",
      "x": 0.5,
      "y": 1
    },
    "_id": "19krtYoodL9YXOkyCpDuRn"
  },
  {
    "__type__": "cc.Layout",
    "_name": "",
    "_objFlags": 0,
    "node": {
      "__id__": 75
    },
    "_enabled": true,
    "__prefab": null,
    "_resizeMode": 1,
    "_layoutType": 2,
    "_cellSize": {
      "__type__": "cc.Size",
      "width": 40,
      "height": 40
    },
    "_startAxis": 0,
    "_paddingLeft": 0,
    "_paddingRight": 0,
    "_paddingTop": 0,
    "_paddingBottom": 0,
    "_spacingX": 0,
    "_spacingY": 0,
    "_verticalDirection": 1,
    "_horizontalDirection": 0,
    "_constraint": 0,
    "_constraintNum": 2,
    "_affectedByScale": false,
    "_isAlign": false,
    "_id": "b3wj7QQ3xLW5EOGrPmWMPa"
  },
  {
    "__type__": "cc.UITransform",
    "_name": "",
    "_objFlags": 0,
    "node": {
      "__id__": 65
    },
    "_enabled": true,
    "__prefab": null,
    "_contentSize": {
      "__type__": "cc.Size",
      "width": 860,
      "height": 280
    },
    "_anchorPoint": {
      "__type__": "cc.Vec2",
      "x": 0.5,
      "y": 1
    },
    "_id": "41tJ5TViZB87F4MHCRRw1z"
  },
  {
    "__type__": "cc.Sprite",
    "_name": "",
    "_objFlags": 0,
    "node": {
      "__id__": 65
    },
    "_enabled": true,
    "__prefab": null,
    "_customMaterial": null,
    "_srcBlendFactor": 2,
    "_dstBlendFactor": 4,
    "_color": {
      "__type__": "cc.Color",
      "r": 255,
      "g": 255,
      "b": 255,
      "a": 255
    },
    "_spriteFrame": null,
    "_type": 1,
    "_fillType": 0,
    "_sizeMode": 0,
    "_fillCenter": {
      "__type__": "cc.Vec2",
      "x": 0,
      "y": 0
    },
    "_fillStart": 0,
    "_fillRange": 0,
    "_isTrimmedMode": true,
    "_useGrayscale": false,
    "_atlas": null,
    "_id": "76PRo2HllCV7vYDJ3iVo6T"
  },
  {
    "__type__": "cc.UITransform",
    "_name": "",
    "_objFlags": 0,
    "node": {
      "__id__": 51
    },
    "_enabled": true,
    "__prefab": null,
    "_contentSize": {
      "__type__": "cc.Size",
      "width": 1003,
      "height": 573
    },
    "_anchorPoint": {
      "__type__": "cc.Vec2",
      "x": 0.5,
      "y": 0.5
    },
    "_id": "6aKzReR+dL1rnOFv5X7Bcm"
  },
  {
    "__type__": "cc.Sprite",
    "_name": "",
    "_objFlags": 0,
    "node": {
      "__id__": 51
    },
    "_enabled": true,
    "__prefab": null,
    "_customMaterial": null,
    "_srcBlendFactor": 2,
    "_dstBlendFactor": 4,
    "_color": {
      "__type__": "cc.Color",
      "r": 255,
      "g": 255,
      "b": 255,
      "a": 255
    },
    "_spriteFrame": {
      "__uuid__": "c6bc732f-1b11-4d20-b7a9-1c3528f4cde7@10751",
      "__expectedType__": "cc.SpriteFrame"
    },
    "_type": 0,
    "_fillType": 0,
    "_sizeMode": 0,
    "_fillCenter": {
      "__type__": "cc.Vec2",
      "x": 0,
      "y": 0
    },
    "_fillStart": 0,
    "_fillRange": 0,
    "_isTrimmedMode": true,
    "_useGrayscale": false,
    "_atlas": {
      "__uuid__": "c6bc732f-1b11-4d20-b7a9-1c3528f4cde7",
      "__expectedType__": "cc.SpriteAtlas"
    },
    "_id": "4cwsWM/phIxLtUVacpoIby"
  },
  {
    "__type__": "cc.Widget",
    "_name": "",
    "_objFlags": 0,
    "node": {
      "__id__": 51
    },
    "_enabled": true,
    "__prefab": null,
    "_alignFlags": 18,
    "_target": null,
    "_left": 0,
    "_right": 0,
    "_top": 0,
    "_bottom": 0,
    "_horizontalCenter": 0,
    "_verticalCenter": 0,
    "_isAbsLeft": true,
    "_isAbsRight": true,
    "_isAbsTop": true,
    "_isAbsBottom": true,
    "_isAbsHorizontalCenter": true,
    "_isAbsVerticalCenter": true,
    "_originalWidth": 0,
    "_originalHeight": 0,
    "_alignMode": 2,
    "_lockFlags": 18,
    "_id": "7a9C8wOl9LHKIPHCVmHPkV"
  },
  {
    "__type__": "cc.Canvas",
    "_name": "",
    "_objFlags": 0,
    "node": {
      "__id__": 2
    },
    "_enabled": true,
    "__prefab": null,
    "_cameraComponent": {
      "__id__": 4
    },
    "_alignCanvasWithScreen": true,
    "_id": "12O/ljcVlEqLmVm3U2gEOQ"
  },
  {
    "__type__": "cc.UITransform",
    "_name": "",
    "_objFlags": 0,
    "node": {
      "__id__": 2
    },
    "_enabled": true,
    "__prefab": null,
    "_contentSize": {
      "__type__": "cc.Size",
      "width": 1334,
      "height": 750
    },
    "_anchorPoint": {
      "__type__": "cc.Vec2",
      "x": 0.5,
      "y": 0.5
    },
    "_id": "d6rUX5yfhMlKoWX2bSbawx"
  },
  {
    "__type__": "cc.Widget",
    "_name": "",
    "_objFlags": 0,
    "node": {
      "__id__": 2
    },
    "_enabled": true,
    "__prefab": null,
    "_alignFlags": 45,
    "_target": null,
    "_left": -5.684341886080802e-14,
    "_right": -5.684341886080802e-14,
    "_top": 5.684341886080802e-14,
    "_bottom": 5.684341886080802e-14,
    "_horizontalCenter": 0,
    "_verticalCenter": 0,
    "_isAbsLeft": true,
    "_isAbsRight": true,
    "_isAbsTop": true,
    "_isAbsBottom": true,
    "_isAbsHorizontalCenter": true,
    "_isAbsVerticalCenter": true,
    "_originalWidth": 0,
    "_originalHeight": 0,
    "_alignMode": 2,
    "_lockFlags": 0,
    "_id": "c5V1EV8IpMtrIvY1OE9t2u"
  },
  {
    "__type__": "cc.Sprite",
    "_name": "",
    "_objFlags": 0,
    "node": {
      "__id__": 2
    },
    "_enabled": true,
    "__prefab": null,
    "_customMaterial": null,
    "_srcBlendFactor": 2,
    "_dstBlendFactor": 4,
    "_color": {
      "__type__": "cc.Color",
      "r": 255,
      "g": 255,
      "b": 255,
      "a": 255
    },
    "_spriteFrame": {
      "__uuid__": "8289eb0a-b82f-4f38-9c91-7ec15b04a0e4@f9941",
      "__expectedType__": "cc.SpriteFrame"
    },
    "_type": 0,
    "_fillType": 0,
    "_sizeMode": 0,
    "_fillCenter": {
      "__type__": "cc.Vec2",
      "x": 0,
      "y": 0
    },
    "_fillStart": 0,
    "_fillRange": 0,
    "_isTrimmedMode": true,
    "_useGrayscale": false,
    "_atlas": null,
    "_id": "b0siK9NhBKi5dKyUs1UfSc"
  },
  {
    "__type__": "d035bsNG2FGA7zr10ydcLpO",
    "_name": "",
    "_objFlags": 0,
    "node": {
      "__id__": 2
    },
    "_enabled": true,
    "__prefab": null,
    "ProgressBar": {
      "__id__": 30
    },
    "Pop_ups": {
      "__id__": 51
    },
    "_id": "faWDKtNe1MprkwsdRu6k+J"
  },
  {
    "__type__": "cc.PrefabInfo",
    "root": null,
    "asset": null,
    "fileId": "8b8a2f6d-80d0-49f8-a0e9-cfd6c3c04b41",
    "instance": null,
    "targetOverrides": []
  },
  {
    "__type__": "cc.SceneGlobals",
    "ambient": {
      "__id__": 112
    },
    "shadows": {
      "__id__": 113
    },
    "_skybox": {
      "__id__": 114
    },
    "fog": {
      "__id__": 115
    },
    "octree": {
      "__id__": 116
    },
    "lightProbeInfo": {
      "__id__": 117
    },
    "bakedWithStationaryMainLight": false,
    "bakedWithHighpLightmap": false
  },
  {
    "__type__": "cc.AmbientInfo",
    "_skyColorHDR": {
      "__type__": "cc.Vec4",
      "x": 0,
      "y": 0,
      "z": 0,
      "w": 0.520833125
    },
    "_skyColor": {
      "__type__": "cc.Vec4",
      "x": 0,
      "y": 0,
      "z": 0,
      "w": 0.520833125
    },
    "_skyIllumHDR": 20000,
    "_skyIllum": 20000,
    "_groundAlbedoHDR": {
      "__type__": "cc.Vec4",
      "x": 0,
      "y": 0,
      "z": 0,
      "w": 0
    },
    "_groundAlbedo": {
      "__type__": "cc.Vec4",
      "x": 0,
      "y": 0,
      "z": 0,
      "w": 0
    },
    "_skyColorLDR": {
      "__type__": "cc.Vec4",
      "x": 0.2,
      "y": 0.5,
      "z": 0.8,
      "w": 1
    },
    "_skyIllumLDR": 20000,
    "_groundAlbedoLDR": {
      "__type__": "cc.Vec4",
      "x": 0.2,
      "y": 0.2,
      "z": 0.2,
      "w": 1
    }
  },
  {
    "__type__": "cc.ShadowsInfo",
    "_enabled": false,
    "_type": 0,
    "_normal": {
      "__type__": "cc.Vec3",
      "x": 0,
      "y": 1,
      "z": 0
    },
    "_distance": 0,
    "_shadowColor": {
      "__type__": "cc.Color",
      "r": 76,
      "g": 76,
      "b": 76,
      "a": 255
    },
    "_maxReceived": 4,
    "_size": {
      "__type__": "cc.Vec2",
      "x": 512,
      "y": 512
    }
  },
  {
    "__type__": "cc.SkyboxInfo",
    "_envLightingType": 0,
    "_envmapHDR": null,
    "_envmap": null,
    "_envmapLDR": null,
    "_diffuseMapHDR": null,
    "_diffuseMapLDR": null,
    "_enabled": false,
    "_useHDR": true,
    "_editableMaterial": null,
    "_reflectionHDR": null,
    "_reflectionLDR": null,
    "_rotationAngle": 0
  },
  {
    "__type__": "cc.FogInfo",
    "_type": 0,
    "_fogColor": {
      "__type__": "cc.Color",
      "r": 200,
      "g": 200,
      "b": 200,
      "a": 255
    },
    "_enabled": false,
    "_fogDensity": 0.3,
    "_fogStart": 0.5,
    "_fogEnd": 300,
    "_fogAtten": 5,
    "_fogTop": 1.5,
    "_fogRange": 1.2,
    "_accurate": false
  },
  {
    "__type__": "cc.OctreeInfo",
    "_enabled": false,
    "_minPos": {
      "__type__": "cc.Vec3",
      "x": -1024,
      "y": -1024,
      "z": -1024
    },
    "_maxPos": {
      "__type__": "cc.Vec3",
      "x": 1024,
      "y": 1024,
      "z": 1024
    },
    "_depth": 8
  },
  {
    "__type__": "cc.LightProbeInfo",
    "_giScale": 1,
    "_giSamples": 1024,
    "_bounces": 2,
    "_reduceRinging": 0,
    "_showProbe": true,
    "_showWireframe": true,
    "_showConvex": false,
    "_data": null
  }
]